3232 4822
810 269 848 332 12

218 437 431 504 dubitationes
465 438 607 518 obstare,
641 437 772 502 alteram
804 446 923 502 rectam
955 459 1020 500 non
1046 457 1128 516 esse,
1164 435 1271 501 statim
1304 435 1434 500 docebo.

218 542 310 623 Nam,
333 550 368 605 ut
390 538 429 604 de
451 539 629 604 simulacris
653 539 814 624 signisque
833 538 936 622 primo
959 537 1029 602 loco
1051 537 1171 622 loquar,
1195 559 1267 601 eum
1287 539 1320 601 in
1335 537 1437 623 operi·

217 643 277 706 bus
301 639 523 706 enumerandis
546 639 689 706 ordinem
711 663 730 704 a
751 639 856 705 Plinio
879 650 1037 704 servatum
1059 660 1137 719 esse,
1161 647 1196 702 ut
1218 660 1280 723 quo
1303 638 1436 724 quisque

218 744 294 808 artis
326 765 441 828 genere
475 742 590 807 artifex
621 741 914 828 praestantissimus
948 750 1051 822 esset,
1085 740 1154 804 eius
1186 741 1309 825 generis
1342 762 1438 825 opera

216 846 319 930 primo
340 844 410 909 loco
432 842 647 924 laudarentur,
670 867 710 908 ex
732 844 809 928 ipsis
831 843 877 906 cis
899 841 1120 928 paragraphis,
1149 842 1264 927 quibus
1286 840 1325 905 de
1346 841 1438 905 nobi·
1483 872 1487 879 ·

205 947 344 1011 lissimis
377 947 537 1010 statuariis
571 945 685 1030 agitur,
718 953 858 1030 apparet.
906 943 1019 1029 Itaque
1054 943 1184 1008 deorum
1218 942 1387 1007 simulacra
1418 965 1438 1006 a

217 1047 333 1113 Phidia
353 1047 448 1128 facta,
470 1048 584 1133 quibus
606 1048 742 1112 maxime
763 1047 817 1112 ille
837 1046 994 1127 inclaruit,
1025 1047 1125 1130 primo
1154 1047 1224 1111 loco
1248 1068 1438 1111 commemo·

217 1159 336 1245 rantur,
358 1148 507 1233 Polycliti
535 1171 620 1229 vero,
648 1149 712 1234 qui,
741 1156 775 1212 ut
803 1150 847 1212 ait
869 1147 1104 1228 Quinctilianus
1126 1147 1218 1230 (XII.
1245 1150 1284 1212 10
1318 1148 1352 1230 3)
1374 1169 1439 1211 111

217 1251 395 1336 explevisse
418 1249 545 1314 deorum
569 1250 789 1314 auctoritatem
810 1249 987 1329 videbatur,
1014 1249 1093 1313 nihil
1117 1272 1212 1314 ausus
1235 1271 1331 1334 supra
1351 1248 1438 1316 leves

217 1374 324 1435 genas,
348 1350 555 1416 diadumenos
578 1361 610 1416 et
632 1351 879 1438 doryphor0s1)
913 1351 1058 1438 Myronis
1082 1351 1206 1431 bucula,
1222 1372 1286 1436 qua
1300 1349 1438 1412 maxime

217 1453 271 1516 ille
287 1452 402 1516 artifex
421 1453 606 1516 nobilitatus
630 1465 686 1533 est,
712 1464 785 1518 ante
808 1454 871 1517 alia
893 1476 989 1540 opera
1010 1453 1219 1538 praedicatur,
1236 1451 1439 1536 Pythagorae

158 1628 161 1634 ,
218 1577 293 1619 vero
328 1553 555 1640 pancratiastes
588 1554 725 1640 Delphis
760 1555 897 1640 positus,
931 1578 994 1640 quo
1027 1578 1091 1618 non
1125 1554 1228 1619 solum
1259 1552 1438 1638 Myronem,

217 1679 329 1720 verum
351 1655 444 1719 etiam
468 1656 650 1741 semetipse
666 1657 867 1741 superavisse
886 1656 1063 1720 videbatur.
1101 1653 1255 1722 Similiter
1269 1678 1310 1719 ex
1323 1677 1439 1737 magna

217 1757 446 1843 Lysippeorum
480 1780 610 1842 operum
643 1757 842 1822 multitudine
875 1758 975 1842 (MD
1002 1781 1099 1843 opera
1125 1758 1167 1821 ab
1196 1779 1233 1822 eo
1259 1757 1344 1821 facta
1370 1778 1439 1822 esse

217 1858 340 1922 Plinius
363 1868 535 1922 auctorest
554 1860 605 1940 34,
623 1860 679 1942 37)
703 1858 900 1945 destringens
923 1883 957 1925 se
979 1883 1056 1946 prae
1078 1859 1192 1924 ceteris
1213 1858 1332 1944 insigni
1348 1858 1439 1922 laude

217 1969 346 2023 notatur
367 1970 398 2023 et
420 1960 562 2046 principe
585 1961 655 2025 loco
678 1961 813 2047 ponitur.
859 1960 985 2041 Quibus
1011 1984 1088 2026 vero
1114 1961 1195 2025 locis
1224 1982 1321 2046 opera
1342 1959 1440 2024 11111-

218 2073 287 2124 cata
310 2069 424 2141 essent,
448 2083 504 2125 cur
525 2060 559 2124 11
580 2061 685 2126 indice
701 2061 845 2126 additum
860 2085 924 2125 non
938 2063 1042 2142 fuerit,
1061 2061 1310 2127 Oehmiohenius
1327 2082 1439 2126 causas

219 2162 295 2228 satis
319 2161 501 2249 probabiles
523 2163 667 2228 attulisse
688 2185 753 2227 111
780 2163 914 2228 videtur.
959 2163 1042 2227 Nam
1072 2186 1141 2228 cum
1165 2162 1320 2228 eiusmodi
1342 2162 1441 2226 verba

218 2263 303 2350 apud
324 2264 461 2328 Plinium
495 2286 566 2329 cum
599 2265 706 2330 verbis
739 2265 974 2351 insequentibus
1010 2265 1059 2330 vel
1083 2265 1345 2351 praecedentibus
1374 2286 1440 2328 non

219 2376 286 2431 arte
314 2365 482 2430 coniuncta
508 2388 577 2430 esse
605 2367 821 2452 compluribus
849 2367 927 2432 locis
956 2366 1080 2446 docuit,
1108 2365 1182 2451 quid
1209 2363 1297 2429 aliud
1323 2363 1439 2444 docuit,

218 2468 280 2533 nisi
301 2466 387 2553 quod
408 2467 490 2532 inter
513 2489 622 2532 omncs
645 2477 778 2548 constat,
802 2468 979 2552 complures
1001 2467 1048 2532 ibi
1068 2467 1173 2532 fontes
1196 2489 1215 2531 a
1235 2465 1339 2530 Plinio
1363 2488 1439 2530 con·
1497 2552 1499 2556 Α

218 2578 322 2634 textos
349 2569 438 2634 esse?
481 2569 728 2656 Nonnumquam
757 2585 841 2634 certe
864 2569 910 2633 eis
931 2592 1011 2656 quos
1035 2568 1186 2636 delendos
1213 2591 1283 2634 esse
1315 2566 1440 2654 putavit

218 2672 297 2736 locis
319 2695 383 2735 non
406 2671 541 2737 eundem
564 2695 677 2740 sonum
699 2682 731 2737 et
753 2672 858 2737 stilum
883 2694 952 2737 esse
975 2682 1070 2758 atque
1095 2672 1207 2737 ceteris
1234 2693 1313 2757 quos
1335 2670 1369 2734 11
1390 2671 1440 2734 in-

218 2772 320 2838 dicem
343 2773 463 2859 recepit
484 2773 564 2839 locis
587 2774 801 2838 demonstrare
823 2773 853 2838 ei
875 2774 1017 2856 contigit.
1055 2773 1167 2858 Itaque
1183 2782 1268 2837 recte
1284 2770 1440 2837 delevisse

219 2873 343 2937 videtur
357 2873 445 2938 locos
462 2875 512 2953 34,
529 2874 582 2938 591
602 2874 712 2954 „cuius
728 2874 871 2957 signa-
882 2871 1011 2937 laudata
1023 2876 1124 2954 sunt“,
1142 2875 1193 2954 34,
1207 2875 1261 2939 691
1280 2884 1330 2952 „et
1347 2875 1442 2959 signa

218 2997 298 3060 quae
315 2983 388 3039 ante
400 2974 578 3040 Felicitatis
601 2975 713 3040 aedem
727 2975 847 3055 fuere“,
870 2974 1024 3061 quodibi
1046 2975 1219 3061 generatim
1242 2974 1333 3058 signa
1355 2997 1440 3039 com-

217 3086 478 3157 memorarentur,
503 3079 555 3158 34,
573 3079 626 3143 74:
657 3076 917 3163 „Cephisodorus
932 3114 974 3125 -
991 3077 1043 3143 oui
1063 3099 1166 3163 pauca
1187 3081 1439 3162 comparantur&

218 3177 302 3263 quod
324 3178 352 3243 is
374 3179 428 3263 qui
450 3178 587 3244 indicem
610 3179 796 3265 composuit,
819 3201 934 3264 parcus
950 3180 983 3244 11
999 3179 1157 3243 laudando
1172 3178 1294 3258 fuisset,
1319 3180 1370 3258 34,
1381 3180 1439 3243 Ι751

220 3277 410 3358 „Canachus
425 3280 609 3364 Apollinem
632 3317 669 3326 ·-
694 3280 850 3366 pervices
865 3281 1017 3361 resiliat“,
1041 3279 1126 3367 quod
1148 3302 1199 3345 res
1221 3280 1384 3345 mirabiles
1405 3279 1440 3344 in

217 3379 322 3444 indice
345 3392 487 3445 narratas
509 3404 574 3445 111
596 3403 665 3446 1111
688 3382 856 3447 existimat.
894 3382 988 3447 Alios
1010 3405 1087 3448 vero
1109 3383 1197 3447 locos
1218 3381 1336 3461 reiecit,
1353 3380 1439 3466 quod

218 3480 386 3544 simulacra
407 3491 480 3567 post
502 3482 593 3566 signa
615 3494 946 3563 commemorarentur,
969 3506 1067 3569 quam
1094 3506 1222 3548 causam
1244 3483 1346 3548 levem
1369 3504 1439 3547 esse

219 3604 315 3667 supra
337 3582 587 3647 demonstratum
611 3592 669 3664 111,
696 3585 777 3649 11111
800 3585 850 3665 34,
873 3584 928 3648 551
964 3584 1059 3665 „item
1081 3584 1275 3650 Mercurium
1299 3584 1354 3670 qui
1379 3582 1440 3646 fnit

217 3682 446 3767 Lysimacheae
468 3722 509 3731 -
532 3685 707 3771 appellatus
730 3688 812 3767 est“;
851 3686 901 3767 34,
927 3687 980 3752 57:
1017 3685 1210 3766 „Herculem
1234 3722 1271 3731 -
1296 3685 1329 3749 in
1358 3684 1438 3750 aede

218 3782 351 3870 Pompei
374 3785 516 3869 Magni“.
569 3787 649 3850 Aliis
674 3787 762 3867 locis,
785 3809 857 3852 cum
879 3786 912 3850 in
935 3787 1098 3851 verborum
1123 3795 1280 3851 structura
1306 3795 1338 3850 11
1363 3808 1439 3851 con-

218 3885 375 3949 iunctione
396 3885 476 3950 nihil
497 3888 655 3952 inveniret
676 3886 760 3975 quod
785 3887 966 3970 offenderet,
995 3887 1050 3951 ubi
1073 3909 1169 3972 opera
1197 3887 1301 3971 posita
1323 3900 1440 3967 essent,

219 4044 419 4052 -—-—-—-—..-.-

288 4123 312 4189 l)
331 4125 364 4177 cf.
389 4123 442 4178 Cic.
464 4128 529 4179 orat.
553 4124 579 4191 2,
596 4124 625 4177 5:
654 4141 702 4178 nec
724 4127 864 4178 simulacro
888 4125 956 4179 lovis
979 4125 1095 4192 Olympii
1118 4128 1164 4177 111
1186 4122 1328 4192 doryphori
1351 4127 1440 4176 statua

219 4210 336 4265 deterriti
356 4211 450 4278 reliqui
468 4211 555 4264 minus
572 4211 674 4278 experti
692 4215 764 4277 sunt,
783 4210 846 4278 quid
864 4209 967 4264 efficere
985 4214 1032 4263 aut
1051 4225 1102 4277 quo
1121 4210 1242 4279 progredi
1259 4211 1377 4276 possent
