3232 4822
670 238 711 302 23

75 405 271 493 coepissent
294 404 511 470 controversia
532 405 687 491 quaedam
709 409 791 472 inter
806 410 882 473 artis
903 409 1020 495 peritos
1036 420 1105 474 orta
1118 432 1188 476 esse
1210 410 1297 477 vide-

76 522 141 587 tur,
163 518 236 571 uter
257 528 366 569 eorum
386 505 487 569 maior
506 508 622 572 artifex
644 526 727 573 esset
749 509 924 575 habendus.
958 509 1047 576 Haec
1067 510 1137 597 ipsa
1152 511 1298 594 Quincti-

75 609 159 677 liani
189 608 291 673 rerba
322 607 437 671 docent
458 607 494 690 (l.
518 608 565 691 l),
588 613 703 696 quibus
736 634 755 674 a
788 613 946 699 plerisque
972 612 1128 698 Polyclito
1160 613 1295 698 palmam

76 712 178 779 tribui
201 709 360 789 concedit,
394 732 466 773 curn
494 733 590 796 opera
617 714 685 778 eius
712 714 922 799 pulcherrima
947 725 1069 795 essent,
1097 716 1164 802 ipse
1191 727 1297 782 tamen

75 813 230 881 Phidiam
252 824 285 877 et
305 813 515 878 Alcamenem
536 814 687 900 praefert,
711 816 764 900 qui
792 816 924 881 deorum
945 818 1162 883 auctoritatem
1185 819 1297 885 melius

75 916 305 1006 explevissent.
348 913 473 978 Eodem
492 916 586 981 modo
601 916 732 982 Phidias
746 928 777 982 et
793 919 982 984 Alcamenes
1005 919 1088 1007 apud
1109 919 1298 985 Pausaniam

76 1022 134 1107 (V.
152 1022 203 1085 10.
220 1020 257 1101 8)
279 1040 437 1082 summum
458 1018 600 1082 obtinent
623 1018 737 1098 locum,
759 1020 842 1104 apud
866 1020 1023 1085 Galerium
1043 1045 1119 1086 vero
1141 1021 1197 1105 (de
1219 1032 1297 1088 tem·

75 1144 199 1213 peram.
220 1119 248 1200 I,
271 1122 306 1201 9)
327 1118 478 1205 Polycliti
500 1120 706 1205 symmetrian
731 1121 862 1207 eiusque
891 1144 1042 1187 canonem
1065 1124 1181 1208 insigni
1202 1123 1297 1190 laude

75 1225 205 1303 llorere,
225 1222 387 1287 Robertns
409 1222 645 1287 demonstrarit.
675 1222 784 1287 Etiam
806 1224 890 1308 apud
913 1224 1047 1289 Plinium
1064 1226 1131 1308 (34,
1145 1228 1186 1291 54
1198 1236 1229 1291 et
1241 1227 1296 1310 55)

75 1325 226 1392 similiter
252 1323 429 1389 iudicatur:
464 1323 596 1388 Phidiae
629 1347 750 1388 summa
772 1325 904 1390 altitudo
938 1327 1100 1409 tribuitur,
1122 1327 1296 1414 Polyclitus

76 1426 256 1495 artificibus
276 1424 381 1510 magis
403 1426 442 1489 ad
465 1426 650 1491 imitandum
667 1428 846 1513 propositus
862 1438 917 1507 est,
934 1429 986 1514 qui
1003 1430 1207 1514 symmetrian
1229 1430 1296 1498 eius

76 1529 173 1621 qnasi
186 1528 291 1613 legem
306 1530 488 1594 observant.
518 1528 632 1614 Itaque
653 1530 853 1612 Antigonum
869 1553 1003 1616 quoque,
1021 1533 1048 1595 si
1063 1554 1100 1595 ea
1115 1533 1176 1597 ianr
1195 1542 1296 1600 aetate

76 1637 206 1715 suisset,
233 1631 335 1716 magis
362 1630 404 1695 ad
426 1654 533 1696 eorum
560 1632 748 1696 sententiam
774 1633 999 1698 acclinaturum
1020 1632 1118 1699 luisse
1140 1635 1295 1716 existimo,

78 1738 135 1825 qni
155 1733 316 1821 Polyclito
339 1733 479 1820 palmam
501 1734 683 1798 tribuerent.
726 1735 839 1819 Neque
866 1735 994 1799 omnino
1022 1737 1295 1801 commutationem

77 1837 307 1904 sententiarum
329 1846 396 1901 tarn
417 1836 522 1900 subito
540 1834 656 1899 factam
671 1835 857 1917 existimem,
881 1837 937 1902 sed
952 1838 1105 1922 paulatim
1119 1836 1294 1923 Lysippum

75 1940 213 2007 Phidiae
237 1948 271 2003 et
292 1937 439 2023 Polycliti
467 1938 567 2022 gloriu-
593 1939 793 2001 obscuratum
819 1940 996 2003 recessisse.
1045 1938 1145 2025 quue
1170 1937 1295 2002 initium

77 2042 146 2109 cius
168 2040 430 2107 commutationis
456 2040 552 2104 fuisse
574 2050 664 2124 puto,
693 2049 727 2102 ut
753 2041 890 2106 artifices
919 2064 938 2104 a
967 2043 1141 2126 praeceptis
1162 2040 1295 2128 Lysippi

77 2143 256 2221 discedere,
287 2150 321 2207 et
348 2140 561 2228 antiquiorum
588 2162 713 2226 quoque
745 2141 900 2205 artificum
934 2143 1147 2226 symmetriam
1177 2142 1295 2207 imitari

77 2246 264 2334 inciperent,
288 2242 322 2307 id
337 2242 420 2329 quod
443 2242 563 2327 primus
585 2241 718 2306 fortasse
734 2243 796 2307 iam
811 2242 1030 2328 Euthycrates
1046 2243 1145 2329 ipsius
1161 2243 1294 2331 Lysippi

76 2350 160 2417 filius
189 2356 324 2413 conatus
348 2367 417 2409 esse
444 2343 581 2409 videtur.
630 2343 695 2410 Sed
728 2346 768 2408 ab
799 2345 868 2409 istis
900 2345 998 2409 initiis
1032 2368 1129 2432 usque
1158 2345 1198 2409 ad
1225 2367 1295 2410 eam

77 2462 223 2532 centem,
246 2471 310 2535 qua
332 2469 404 2512 eam
424 2447 502 2510 artis
524 2447 686 2526 rationem,
711 2471 805 2532 quam
820 2470 878 2512 nos
897 2448 1176 2528 „eclecticismum“
1202 2470 1294 2512 voca·

77 2576 155 2634 mus,
177 2551 316 2619 maxime
338 2548 451 2613 florere
475 2547 629 2627 videmus,
653 2549 706 2612 via
721 2560 769 2613 est
790 2549 899 2632 longa3
922 2571 1023 2633 neque
1037 2549 1235 2631 Antigonum
1257 2571 1295 2612 ea

75 2670 222 2743 tempora
242 2651 363 2719 vidisse
385 2650 539 2716 existimo.
577 2650 698 2737 Itaque,
722 2659 756 2714 ut
770 2649 811 2713 ad
830 2650 954 2714 tertiam
970 2651 1131 2714 veniamus
1155 2671 1292 2730 causam,

75 2757 194 2825 indicia
214 2755 273 2821 illa
294 2753 336 2819 ad
358 2753 515 2838 Antigoni
543 2763 676 2817 aetatem
707 2754 873 2818 convenire
899 2774 962 2815 non
986 2750 1140 2816 videntur.
1184 2751 1294 2836 Neque

76 2861 159 2928 enim
180 2866 350 2943 tantopere
372 2855 594 2920 aXenocratis
616 2863 719 2919 aetate
729 2855 910 2938 Antigonus
927 2854 1043 2919 distare
1058 2855 1192 2920 videtur.
1229 2854 1294 2921 Sed

73 2963 173 3050 ipsius
194 2958 391 3026 Xenocratis
414 2967 502 3021 aetas
525 2966 608 3021 certe
630 2954 753 3021 definiri
775 2980 838 3020 non
861 2968 977 3042 potest,
1007 2956 1178 3039 ambigitur
1200 2956 1291 3034 enirn,

74 3076 179 3131 utrum
201 3059 411 3147 Euthycratis
445 3081 485 3122 an
507 3057 670 3122 Tisicratis
704 3057 876 3143 discipulus
909 3058 1004 3122 fuerit
1026 3057 1123 3142 (Plin.
1147 3058 1200 3137 34,
1224 3057 1290 3137 83).

72 3166 196 3234 Extant
217 3187 314 3254 porro
337 3160 460 3248 lapides
483 3161 646 3225 literarum
660 3159 762 3224 forma
785 3161 826 3224 ad
841 3171 982 3225 nostrum
993 3160 1201 3225 Xenocratem
1218 3180 1291 3222 con-

72 3271 247 3352 venientes,
265 3266 369 3351 Oropi
391 3263 521 3338 inventi,
537 3262 651 3347 quibus
666 3262 863 3327 Xenocrates
886 3262 1010 3347 quidam
1026 3259 1193 3346 Ergophili
1207 3260 1290 3324 filius

72 3372 173 3461 (apud
193 3368 416 3455 Loewyum1)
442 3363 770 3448 muchaniensis
792 3366 909 3447 (135a)
931 3363 1085 3428 laudatur.
1116 3363 1202 3428 Inter
1216 3362 1291 3427 Per·

70 3496 222 3562 gamanam
246 3492 375 3558 quoque
396 3467 620 3552 inscriptiones
644 3466 706 3530 duo
729 3465 956 3551 suntlapides,
981 3467 1035 3552 qui
1057 3467 1138 3530 inter
1160 3488 1193 3530 se
1216 3489 1290 3530 con-

69 3577 169 3643 iuncti
190 3574 294 3640 fnisse
316 3570 474 3649 videntur,
499 3591 631 3655 quorum
646 3567 678 3631 in
701 3569 798 3632 altero
819 3579 880 3632 est:
907 3568 1139 3649 „Xenocrates“
1156 3566 1290 3651 (Loewy

72 3680 186 3764 lttk),
209 3679 246 3743 in
269 3675 371 3740 altero
386 3680 492 3737 autem
516 3707 577 3751 „-
591 3671 710 3733 naios“.
741 3669 853 3754 Itaque
875 3669 1129 3735 verisimillimum
1153 3667 1288 3732 estPer-

69 3782 151 3866 gami
168 3800 301 3867 quoque
315 3775 529 3841 Xenocratem
546 3771 702 3858 quendam
714 3772 940 3836 Atheniensem
956 3793 1052 3856 opera
1065 3769 1186 3834 fecisse.
1218 3765 1287 3831 Hos

68 3880 148 3949 dnos
175 3880 321 3948 artifices
356 3900 453 3942 unum
480 3874 676 3959 eundemque
701 3873 798 3938 fuisse
826 3882 1016 3959 putaverunt
1036 3871 1192 3957 Loewyus
1219 3869 1288 3956 ipse

135 4104 162 4170 1)
180 4104 309 4159 nonar:
328 4098 487 4155 Inscbriften
507 4097 602 4166 griech.
621 4096 762 4150 bildhaner.
797 4095 910 4163 Leipzig.
946 4093 1020 4147 1885.
