3232 4822
744 292 865 383 —m

320 456 370 521 De
386 457 503 542 Apelle
526 457 676 521 iudicium
701 457 751 522 his
775 459 877 523 simile
899 481 965 522 non
988 456 1155 538 invenitur,
1179 459 1241 522 nisi
1263 459 1361 523 verba
1378 458 1457 524 haec

235 560 300 641 (35,
326 561 395 642 79):
422 559 581 645 „picturae
604 559 696 644 plura
717 559 804 624 solus
828 581 926 646 prope
950 581 1042 644 quam
1072 559 1167 623 ceteri
1191 582 1300 624 omnes
1323 561 1456 625 contulit

235 659 466 744 (voluminibus
489 662 584 724 etiam
608 659 700 725 editis
717 683 799 746 quae
817 661 994 725 doctrinam
1017 683 1087 725 eam
1103 660 1310 744 continent“).
1342 661 1456 747 Itaque

233 762 390 849 Apellam,
419 762 501 826 sicut
526 761 716 848 Lysippum,
747 764 878 827 summis
907 762 1055 827 laudibus
1089 761 1189 825 efferri
1217 762 1369 843 videmus,
1398 763 1456 828 sed

234 863 309 948 quid
334 863 508 942 contulerit,
533 885 605 927 cum
627 863 815 928 insontibus
838 874 922 929 certe
945 872 1166 948 exponeretur,
1182 863 1306 928 Plinius
1330 864 1459 930 silentio·

234 964 454 1050 praetermisit.
499 964 590 1030 Haec
612 987 692 1049 quae
715 965 807 1029 attuli
830 965 955 1046 iudicia,
985 987 1056 1029 cum
1078 975 1243 1050 tantopere
1265 969 1455 1052 conveniant

234 1066 273 1159 ad
296 1066 414 1131 iudicia
447 1066 486 1130 de
515 1067 675 1131 statuariis
708 1067 803 1146 facta,
832 1091 872 1132 ex
899 1066 1009 1132 eodem
1037 1065 1123 1131 fonte
1150 1067 1304 1150 originem
1327 1066 1454 1132 duxisse

234 1178 374 1253 apparet.
420 1167 486 1231 lam
502 1169 621 1233 cumin
637 1169 756 1233 iudicio
780 1168 818 1232 de
840 1167 1011 1232 Parrhasio
1034 1168 1117 1232 facto
1145 1169 1224 1233 haec
1246 1171 1345 1234 verba
1365 1170 1456 1234 inve·

233 1271 374 1334 niantur:
400 1270 617 1350 „confessione
634 1271 787 1336 artificum
811 1272 843 1334 in
860 1271 945 1334 liniis
960 1273 1109 1335 extremis
1127 1272 1265 1357 palmam
1288 1270 1452 1356 adeptus“,

233 1371 281 1435 illi
303 1372 440 1436 artifices
463 1382 567 1437 autem
587 1373 639 1458 qui
662 1372 780 1437 fuerint
803 1396 841 1437 ex
863 1373 969 1438 verbis
991 1372 1084 1459 paulo
1108 1384 1180 1458 post
1200 1372 1452 1456 insequentibus:

236 1472 338 1552 „hanc
360 1474 388 1537 ei
410 1474 545 1559 gloriam
567 1497 751 1539 concessere
771 1475 952 1560 Antigonus
975 1485 1006 1538 et
1020 1474 1237 1538 Xenocrates“
1261 1473 1392 1553 eluceat,
1416 1496 1455 1537 ea

234 1576 334 1640 verba
355 1575 400 1639 ita
427 1575 640 1660 intellegenda
669 1599 738 1641 esse
768 1590 858 1662 puto,
892 1586 927 1640 ut
950 1575 1131 1659 Antigonus
1158 1574 1377 1639 eXenocrate
1398 1574 1455 1638 illa

233 1676 351 1741 iudicia
371 1676 521 1742 hauserit.
552 1677 665 1762 Itaque
687 1701 768 1759 cum,
786 1701 867 1764 quae
889 1677 928 1742 de
944 1677 1118 1763 pictoribus
1134 1677 1305 1741 afferantur
1325 1674 1452 1753 iudicia,

235 1800 275 1841 ex
295 1778 461 1862 Antigono
483 1778 597 1844 hausta
620 1802 698 1855 esse,
721 1782 792 1866 ipsa
807 1779 899 1842 Plinii
924 1779 1023 1843 verba
1045 1778 1207 1859 edoceant,
1231 1777 1454 1842 statuariorum

235 1901 362 1964 quoque
384 1880 503 1945 iudicia
525 1904 580 1968 per
602 1882 799 1966 Antigonum
822 1880 926 1945 Plinio
953 1881 1127 1945 innotuisse
1151 1879 1219 1944 sine
1241 1879 1306 1943 ulla
1328 1877 1454 1941 dubita-

233 1979 318 2044 tione
345 1983 525 2047 confirmari
551 1992 663 2071 potest.
710 1982 894 2068 Sequuntur
923 1984 955 2047 in
985 1983 1067 2047 libro
1094 1980 1240 2046 XXXIV
1268 1979 1387 2044 iudicia
1413 1978 1453 2042 de

234 2081 370 2168 Lysippi
393 2082 557 2168 discipulis
578 2084 664 2149 sacta
687 2085 753 2168 (34,
767 2086 918 2166 66-67).
948 2084 1056 2169 Atque
1078 2082 1291 2168 Euthycrates
1313 2079 1452 2165 quidem,

234 2205 425 2269 quamquam
448 2196 567 2251 ceteros
590 2187 692 2270 gloria
714 2184 889 2272 superavit,
911 2196 1016 2249 tamen
1040 2183 1273 2270 quodammodo
1296 2182 1455 2268 vitupera·

233 2293 293 2365 tur,
329 2284 414 2370 quod
446 2289 673 2367 „constantiam
702 2288 808 2372 potius
841 2287 981 2351 imitatus
1007 2285 1106 2373 patris
1134 2307 1228 2370 quam
1263 2282 1452 2379 elegantiam

234 2395 360 2450 austero
383 2389 527 2452 maluerit
548 2410 664 2472 genere
685 2412 779 2474 quam
801 2387 938 2453 iucundo
961 2389 1116 2472 placere“.
1157 2386 1269 2472 Itaque
1291 2382 1452 2447 Brunnius

232 2498 317 2552 recte
331 2491 464 2554 tortasse
480 2489 625 2571 coniecit,
649 2512 720 2554 eum
741 2490 774 2553 in
791 2490 976 2575 symmetria
991 2510 1117 2574 quoque
1132 2487 1320 2554 severiorem
1342 2484 1452 2563 fuisse,

235 2601 267 2653 et
288 2589 487 2676 antiquorum
508 2591 614 2678 potius
637 2592 793 2656 artificum
816 2600 953 2657 staturas
975 2591 1133 2655 imitatum
1155 2611 1223 2656 esse
1243 2585 1453 2672 (Hist.‚art.I

234 2714 264 2775 p.
282 2691 370 2775 409).
401 2691 572 2758 Tisicrates
593 2715 679 2773 vero,
695 2692 902 2778 Euthycratis
923 2693 992 2778 ipse
1016 2692 1201 2778 discipulus
1227 2688 1302 2771 „sed
1317 2688 1451 2777 Lysippi

146 2869 149 2874 Ι
234 2803 340 2856 sectae
361 2794 508 2878 propior“
533 2817 687 2859 summam
709 2794 836 2859 laudem
857 2795 1053 2879 gloriamque
1075 2816 1114 2858 ea
1136 2817 1169 2857 re
1196 2800 1359 2858 assecutus
1381 2814 1452 2856 esse

234 2893 366 2974 videtur,
390 2894 474 2980 quod
492 2895 624 2981 Lysippi
647 2905 746 2959 artem
768 2897 812 2959 ita
833 2895 975 2959 imitatus
997 2907 1053 2976 est,
1080 2905 1135 2976 „ut
1157 2895 1211 2960 vix
1233 2895 1453 2959 discernantur

233 2996 394 3082 complura
417 2996 537 3080 signa“.
581 2995 693 3082 Itaque
722 3019 792 3062 cum
815 2996 847 3060 in
870 2995 919 3060 his
942 3018 1068 3083 quoque
1095 2997 1220 3062 iudiciis
1242 2996 1378 3082 Lysippi
1400 3017 1452 3061 ars

233 3120 357 3163 summa
378 3097 472 3162 laude
488 3097 585 3181 digna
607 3098 802 3164 existimetur
824 3107 855 3164 et
876 3097 919 3162 ad
940 3098 1129 3163 imitandum
1152 3108 1355 3185 proponatur,
1380 3121 1453 3162 cum

233 3199 272 3262 ad
296 3222 366 3264 eam
389 3199 599 3283 posteriorum
626 3200 782 3265 artificum
812 3221 909 3286 opera
936 3199 1126 3284 exigantur,
1148 3200 1259 3264 eodem
1287 3223 1327 3264 ex
1353 3200 1451 3280 fonte,

234 3325 295 3386 quo
323 3301 442 3366 iudicia
470 3301 509 3366 de
535 3302 717 3367 clarissimis
744 3301 919 3366 artificibus
945 3301 1044 3382 facta,
1072 3300 1151 3366 haec
1179 3324 1306 3388 quoque
1332 3300 1453 3365 iudicia

234 3402 348 3467 hausta
371 3425 440 3467 esse
461 3401 541 3468 mihi
562 3425 744 3489 persuasum
769 3412 827 3468 est.
871 3402 1046 3468 Xenocrati
1072 3413 1188 3485 autem,
1213 3425 1401 3489 quamquam
1424 3404 1452 3467 is

234 3516 288 3570 aut
309 3504 516 3590 Euthycratis
538 3514 594 3569 aut
615 3505 780 3569 Tisicratis
801 3504 896 3568 fuerit
918 3504 1101 3590 discipulus,
1125 3503 1203 3569 haec
1221 3505 1340 3570 indicia
1363 3505 1452 3574 attri-

233 3606 361 3671 buenda
387 3628 451 3670 non
477 3629 547 3671 esse
569 3605 845 3690 Furtwaenglerus
869 3606 903 3688 (l.
926 3605 947 3670 l.
970 3604 1169 3692 puniceo
1196 3607 1333 3692 putavit,
1366 3606 1453 3692 quod

234 3708 330 3772 aliam
352 3707 511 3794 quandam
533 3709 673 3792 speciem
696 3729 771 3794 prae
794 3730 828 3772 se
849 3707 981 3788 ferrent,
1004 3706 1136 3773 cunrad
1159 3730 1256 3793 opera
1277 3707 1379 3791 magis
1402 3731 1453 3772 re-

233 3809 401 3878 ferrentur.
435 3808 499 3875 Sed
515 3808 546 3872 id
563 3809 668 3896 potius
682 3807 916 3893 respiciendum
938 3831 1008 3874 esse
1030 3809 1165 3888 videtur,
1189 3808 1274 3894 quod
1297 3808 1415 3873 iudicia
1433 3833 1453 3874 a

234 3912 414 3976 Xenocrate
430 3912 571 3996 profecta
583 3933 723 3976 summos
735 3911 871 3975 artifices
884 3932 1078 3996 quamquam
1090 3910 1223 3974 diversis
1235 3910 1353 3976 scholis
1365 3922 1451 3977 ortos

235 4012 495 4098 complectuntur,
517 4011 569 4076 hic
592 4035 667 4078 vero
690 4012 801 4098 primis
823 4034 947 4098 quoque
962 4012 1097 4099 proximi
1112 4011 1334 4097 respiciuntur,
1357 4023 1452 4099 atque

235 4112 290 4198 qui
311 4113 454 4177 eiusdem
476 4114 594 4180 fuerint
609 4114 735 4179 scholae
752 4113 901 4199 discipuli
923 4113 973 4178 his
987 4113 1112 4179 iudiciis
1133 4114 1450 4203 comprehenduntur.

235 4213 347 4298 Itaque
367 4215 521 4281 eiusmodi
544 4215 662 4282 indicia
682 4216 823 4282 nondum
843 4214 929 4301 apud
947 4215 1161 4281 Xenocratem
1186 4216 1284 4283 fuisse
1308 4217 1453 4285 conicere
