<?xml version="1.0" encoding="UTF-8"?>
<!DOCTYPE html PUBLIC "-//W3C//DTD XHTML 1.0 Transitional//EN"
    "http://www.w3.org/TR/xhtml1/DTD/xhtml1-transitional.dtd">
<html xmlns="http://www.w3.org/1999/xhtml" xml:lang="en" lang="en">
 <head>
  <title>
</title>
<meta http-equiv="Content-Type" content="text/html;charset=utf-8" />
  <meta name='ocr-system' content='tesseract 3.04.00' />
  <meta name='ocr-capabilities' content='ocr_page ocr_carea ocr_par ocr_line ocrx_word'/>
</head>
<body>
  <div class='ocr_page' id='page_1' title='image "./defontibusearum00voiggoog_0022.png"; bbox 0 0 3232 4822; ppageno 0'>
   <div class='ocr_carea' id='block_1_1' title="bbox 751 302 788 363">
    <p class='ocr_par' dir='ltr' id='par_1_1' title="bbox 751 302 788 363">
     <span class='ocr_line' id='line_1_1' title="bbox 751 302 788 363; baseline 0 0"><span class='ocrx_word' id='word_1_1' title='bbox 751 302 788 363; x_wconf 84' lang='grc'><strong>17</strong></span> 
     </span>
    </p>
   </div>
   <div class='ocr_carea' id='block_1_2' title="bbox 134 441 1383 658">
    <p class='ocr_par' dir='ltr' id='par_1_2' title="bbox 134 441 1383 658">
     <span class='ocr_line' id='line_1_2' title="bbox 134 441 1383 562; baseline -0.002 -26"><span class='ocrx_word' id='word_1_2' title='bbox 134 472 241 562; x_wconf 79' lang='lat' dir='ltr'><strong>licet,</strong></span> <span class='ocrx_word' id='word_1_3' title='bbox 266 470 322 536; x_wconf 88' lang='lat' dir='ltr'><strong>sed</strong></span> <span class='ocrx_word' id='word_1_4' title='bbox 346 469 385 533; x_wconf 91' lang='lat' dir='ltr'><strong>ad</strong></span> <span class='ocrx_word' id='word_1_5' title='bbox 408 471 606 554; x_wconf 87' lang='lat' dir='ltr'><strong>Antigonum</strong></span> <span class='ocrx_word' id='word_1_6' title='bbox 630 470 734 554; x_wconf 92' lang='lat' dir='ltr'><strong>potius</strong></span> <span class='ocrx_word' id='word_1_7' title='bbox 757 493 825 535; x_wconf 92' lang='lat' dir='ltr'><strong>esse</strong></span> <span class='ocrx_word' id='word_1_8' title='bbox 848 468 1023 534; x_wconf 85' lang='lat' dir='ltr'><strong>referenda.</strong></span> <span class='ocrx_word' id='word_1_9' title='bbox 1061 469 1181 534; x_wconf 88' lang='lat' dir='ltr'><strong>Eodem</strong></span> <span class='ocrx_word' id='word_1_10' title='bbox 1206 441 1383 538; x_wconf 41' lang='lat' dir='ltr'><strong>&#39;fonte‘ori-</strong></span> 
     </span>
     <span class='ocr_line' id='line_1_3' title="bbox 159 570 1291 658; baseline 0.001 -22"><span class='ocrx_word' id='word_1_11' title='bbox 159 573 270 658; x_wconf 84' lang='lat' dir='ltr'><strong>ginem</strong></span> <span class='ocrx_word' id='word_1_12' title='bbox 292 572 420 637; x_wconf 84' lang='lat' dir='ltr'><strong>duxisse</strong></span> <span class='ocrx_word' id='word_1_13' title='bbox 443 572 591 636; x_wconf 86' lang='lat' dir='ltr'><strong>videntur</strong></span> <span class='ocrx_word' id='word_1_14' title='bbox 614 572 734 636; x_wconf 90' lang='lat' dir='ltr'><strong>iudicia</strong></span> <span class='ocrx_word' id='word_1_15' title='bbox 756 571 795 637; x_wconf 91' lang='lat' dir='ltr'><strong>de</strong></span> <span class='ocrx_word' id='word_1_16' title='bbox 817 571 1039 658; x_wconf 83' lang='lat' dir='ltr'><strong>Euphranoris</strong></span> <span class='ocrx_word' id='word_1_17' title='bbox 1062 570 1172 635; x_wconf 87' lang='lat' dir='ltr'><strong>schola</strong></span> <span class='ocrx_word' id='word_1_18' title='bbox 1192 573 1291 637; x_wconf 88' lang='lat' dir='ltr'><strong>facta:</strong></span> 
     </span>
    </p>
   </div>
   <div class='ocr_carea' id='block_1_3' title="bbox 93 688 1386 4028">
    <p class='ocr_par' dir='ltr' id='par_1_3' title="bbox 160 688 1384 858">
     <span class='ocr_line' id='line_1_4' title="bbox 160 688 1384 778; baseline 0 -22"><span class='ocrx_word' id='word_1_19' title='bbox 160 693 211 773; x_wconf 84' lang='grc'><strong>35,</strong></span> <span class='ocrx_word' id='word_1_20' title='bbox 237 693 297 755; x_wconf 84' lang='grc'><strong>130</strong></span> <span class='ocrx_word' id='word_1_21' title='bbox 330 691 370 755; x_wconf 89' lang='lat' dir='ltr'><strong>de</strong></span> <span class='ocrx_word' id='word_1_22' title='bbox 399 690 556 755; x_wconf 89' lang='lat' dir='ltr'><strong>Antidoto</strong></span> <span class='ocrx_word' id='word_1_23' title='bbox 585 691 822 776; x_wconf 83' lang='lat' dir='ltr'><strong>(Euphranoris</strong></span> <span class='ocrx_word' id='word_1_24' title='bbox 856 690 1040 776; x_wconf 87' lang='lat' dir='ltr'><strong>discipulo):</strong></span> <span class='ocrx_word' id='word_1_25' title='bbox 1075 688 1256 775; x_wconf 81' lang='lat' dir='ltr'><strong>diligentior</strong></span> <span class='ocrx_word' id='word_1_26' title='bbox 1289 715 1384 778; x_wconf 90' lang='lat' dir='ltr'><strong>quam</strong></span> 
     </span>
     <span class='ocr_line' id='line_1_5' title="bbox 313 791 962 858; baseline -0.002 -2"><span class='ocrx_word' id='word_1_27' title='bbox 313 791 512 857; x_wconf 85' lang='lat' dir='ltr'><strong>numerosior</strong></span> <span class='ocrx_word' id='word_1_28' title='bbox 534 792 621 856; x_wconf 91' lang='lat' dir='ltr'><strong>etin</strong></span> <span class='ocrx_word' id='word_1_29' title='bbox 643 793 799 857; x_wconf 92' lang='lat' dir='ltr'><strong>coloribus</strong></span> <span class='ocrx_word' id='word_1_30' title='bbox 823 815 962 858; x_wconf 86' lang='lat' dir='ltr'><strong>severus.</strong></span> 
     </span>
    </p>

    <p class='ocr_par' dir='ltr' id='par_1_4' title="bbox 159 893 1383 1162">
     <span class='ocr_line' id='line_1_6' title="bbox 159 893 1382 980; baseline -0.001 -20"><span class='ocrx_word' id='word_1_31' title='bbox 159 894 236 960; x_wconf 89' lang='lat' dir='ltr'><strong>ibid.</strong></span> <span class='ocrx_word' id='word_1_32' title='bbox 261 894 300 957; x_wconf 91' lang='lat' dir='ltr'><strong>de</strong></span> <span class='ocrx_word' id='word_1_33' title='bbox 323 893 418 957; x_wconf 91' lang='lat' dir='ltr'><strong>Nicia</strong></span> <span class='ocrx_word' id='word_1_34' title='bbox 440 893 630 958; x_wconf 84' lang='lat' dir='ltr'><strong>Atheniensi</strong></span> <span class='ocrx_word' id='word_1_35' title='bbox 652 894 814 974; x_wconf 82' lang='lat' dir='ltr'><strong>(Antidoti</strong></span> <span class='ocrx_word' id='word_1_36' title='bbox 838 894 1025 980; x_wconf 88' lang='lat' dir='ltr'><strong>discipulo):</strong></span> <span class='ocrx_word' id='word_1_37' title='bbox 1059 893 1166 958; x_wconf 91' lang='lat' dir='ltr'><strong>lumen</strong></span> <span class='ocrx_word' id='word_1_38' title='bbox 1193 903 1225 957; x_wconf 89' lang='lat' dir='ltr'><strong>et</strong></span> <span class='ocrx_word' id='word_1_39' title='bbox 1254 895 1382 959; x_wconf 90' lang='lat' dir='ltr'><strong>umbras</strong></span> 
     </span>
     <span class='ocr_line' id='line_1_7' title="bbox 316 995 1383 1081; baseline 0.001 -22"><span class='ocrx_word' id='word_1_40' title='bbox 316 995 464 1060; x_wconf 81' lang='lat' dir='ltr'><strong>custodiit</strong></span> <span class='ocrx_word' id='word_1_41' title='bbox 493 1006 587 1081; x_wconf 91' lang='lat' dir='ltr'><strong>atque</strong></span> <span class='ocrx_word' id='word_1_42' title='bbox 622 1006 654 1059; x_wconf 91' lang='lat' dir='ltr'><strong>ut</strong></span> <span class='ocrx_word' id='word_1_43' title='bbox 682 996 855 1061; x_wconf 86' lang='lat' dir='ltr'><strong>eminerent</strong></span> <span class='ocrx_word' id='word_1_44' title='bbox 882 1019 900 1060; x_wconf 95' lang='lat' dir='ltr'><strong>e</strong></span> <span class='ocrx_word' id='word_1_45' title='bbox 926 995 1044 1060; x_wconf 88' lang='lat' dir='ltr'><strong>tabulis</strong></span> <span class='ocrx_word' id='word_1_46' title='bbox 1073 995 1213 1080; x_wconf 83' lang='lat' dir='ltr'><strong>picturae</strong></span> <span class='ocrx_word' id='word_1_47' title='bbox 1246 996 1383 1061; x_wconf 85' lang='lat' dir='ltr'><strong>maxime</strong></span> 
     </span>
     <span class='ocr_line' id='line_1_8' title="bbox 315 1098 448 1162; baseline -0.008 0"><span class='ocrx_word' id='word_1_48' title='bbox 315 1098 448 1162; x_wconf 83' lang='lat' dir='ltr'><strong>curavit.</strong></span> 
     </span>
    </p>

    <p class='ocr_par' dir='ltr' id='par_1_5' title="bbox 162 1197 1384 1385">
     <span class='ocr_line' id='line_1_9' title="bbox 162 1197 1384 1283; baseline -0.001 -19"><span class='ocrx_word' id='word_1_49' title='bbox 162 1200 213 1278; x_wconf 87' lang='grc'><strong>35,</strong></span> <span class='ocrx_word' id='word_1_50' title='bbox 239 1199 299 1263; x_wconf 83' lang='grc'><strong>134</strong></span> <span class='ocrx_word' id='word_1_51' title='bbox 331 1197 443 1262; x_wconf 83' lang='lat' dir='ltr'><strong>Niciae</strong></span> <span class='ocrx_word' id='word_1_52' title='bbox 476 1208 678 1283; x_wconf 88' lang='lat' dir='ltr'><strong>comparatur</strong></span> <span class='ocrx_word' id='word_1_53' title='bbox 795 1198 956 1264; x_wconf 91' lang='lat' dir='ltr'><strong>Athenion</strong></span> <span class='ocrx_word' id='word_1_54' title='bbox 988 1197 1164 1263; x_wconf 90' lang='lat' dir='ltr'><strong>Maronites</strong></span> <span class='ocrx_word' id='word_1_55' title='bbox 1198 1197 1384 1264; x_wconf 85' lang='lat' dir='ltr'><strong>Glaucionis</strong></span> 
     </span>
     <span class='ocr_line' id='line_1_10' title="bbox 315 1299 1384 1385; baseline -0.003 -18"><span class='ocrx_word' id='word_1_56' title='bbox 315 1299 476 1367; x_wconf 80' lang='lat' dir='ltr'><strong>Corinthii</strong></span> <span class='ocrx_word' id='word_1_57' title='bbox 500 1299 691 1385; x_wconf 88' lang='lat' dir='ltr'><strong>discipulus:</strong></span> <span class='ocrx_word' id='word_1_58' title='bbox 715 1303 870 1366; x_wconf 83' lang='lat' dir='ltr'><strong>austerior</strong></span> <span class='ocrx_word' id='word_1_59' title='bbox 893 1301 998 1365; x_wconf 88' lang='lat' dir='ltr'><strong>colore</strong></span> <span class='ocrx_word' id='word_1_60' title='bbox 1021 1308 1053 1363; x_wconf 93' lang='lat' dir='ltr'><strong>et</strong></span> <span class='ocrx_word' id='word_1_61' title='bbox 1074 1300 1107 1363; x_wconf 91' lang='lat' dir='ltr'><strong>in</strong></span> <span class='ocrx_word' id='word_1_62' title='bbox 1130 1301 1314 1366; x_wconf 80' lang='lat' dir='ltr'><strong>austeritate</strong></span> <span class='ocrx_word' id='word_1_63' title='bbox 1335 1300 1384 1364; x_wconf 91' lang='lat' dir='ltr'><strong>iu-</strong></span> 
     </span>
    </p>

    <p class='ocr_par' dir='ltr' id='par_1_6' title="bbox 237 1401 1105 1489">
     <span class='ocr_line' id='line_1_11' title="bbox 237 1401 1105 1489; baseline 0.001 -23"><span class='ocrx_word' id='word_1_64' title='bbox 237 1471 239 1474; x_wconf 26' lang='lat'><strong>,</strong></span> <span class='ocrx_word' id='word_1_65' title='bbox 316 1401 448 1467; x_wconf 90' lang='lat' dir='ltr'><strong>cundior</strong></span> <span class='ocrx_word' id='word_1_66' title='bbox 469 1412 505 1467; x_wconf 87' lang='lat' dir='ltr'><strong>ut</strong></span> <span class='ocrx_word' id='word_1_67' title='bbox 526 1403 560 1465; x_wconf 93' lang='lat' dir='ltr'><strong>in</strong></span> <span class='ocrx_word' id='word_1_68' title='bbox 582 1404 651 1488; x_wconf 88' lang='lat' dir='ltr'><strong>ipsa</strong></span> <span class='ocrx_word' id='word_1_69' title='bbox 674 1405 795 1489; x_wconf 87' lang='lat' dir='ltr'><strong>pictura</strong></span> <span class='ocrx_word' id='word_1_70' title='bbox 818 1402 952 1467; x_wconf 90' lang='lat' dir='ltr'><strong>eruditio</strong></span> <span class='ocrx_word' id='word_1_71' title='bbox 976 1403 1105 1467; x_wconf 85' lang='lat' dir='ltr'><strong>eluceat.</strong></span> 
     </span>
    </p>

    <p class='ocr_par' dir='ltr' id='par_1_7' title="bbox 93 1503 1386 4028">
     <span class='ocr_line' id='line_1_12' title="bbox 248 1503 1384 1592; baseline 0.004 -24"><span class='ocrx_word' id='word_1_72' title='bbox 248 1503 353 1568; x_wconf 84' lang='lat' dir='ltr'><strong>Etiam</strong></span> <span class='ocrx_word' id='word_1_73' title='bbox 377 1504 519 1589; x_wconf 83' lang='lat' dir='ltr'><strong>quaeda</strong></span> <span class='ocrx_word' id='word_1_74' title='bbox 543 1504 651 1569; x_wconf 88' lang='lat' dir='ltr'><strong>schola</strong></span> <span class='ocrx_word' id='word_1_75' title='bbox 677 1505 834 1590; x_wconf 89' lang='lat' dir='ltr'><strong>pictorum</strong></span> <span class='ocrx_word' id='word_1_76' title='bbox 857 1503 1005 1587; x_wconf 82' lang='lat' dir='ltr'><strong>Sicyonia</strong></span> <span class='ocrx_word' id='word_1_77' title='bbox 1031 1503 1200 1569; x_wconf 87' lang='lat' dir='ltr'><strong>traduntur</strong></span> <span class='ocrx_word' id='word_1_78' title='bbox 1228 1508 1384 1592; x_wconf 85' lang='lat' dir='ltr'><strong>Antigoni</strong></span> 
     </span>
     <span class='ocr_line' id='line_1_13' title="bbox 162 1604 1384 1691; baseline 0.003 -20"><span class='ocrx_word' id='word_1_79' title='bbox 162 1606 312 1671; x_wconf 83' lang='lat' dir='ltr'><strong>videntur</strong></span> <span class='ocrx_word' id='word_1_80' title='bbox 338 1628 423 1685; x_wconf 89' lang='lat' dir='ltr'><strong>esse,</strong></span> <span class='ocrx_word' id='word_1_81' title='bbox 451 1616 546 1691; x_wconf 89' lang='lat' dir='ltr'><strong>atque</strong></span> <span class='ocrx_word' id='word_1_82' title='bbox 574 1606 654 1670; x_wconf 91' lang='lat' dir='ltr'><strong>adeo</strong></span> <span class='ocrx_word' id='word_1_83' title='bbox 682 1616 780 1670; x_wconf 89' lang='lat' dir='ltr'><strong>totam</strong></span> <span class='ocrx_word' id='word_1_84' title='bbox 809 1605 892 1669; x_wconf 89' lang='lat' dir='ltr'><strong>hanc</strong></span> <span class='ocrx_word' id='word_1_85' title='bbox 918 1606 951 1668; x_wconf 92' lang='lat' dir='ltr'><strong>in</strong></span> <span class='ocrx_word' id='word_1_86' title='bbox 978 1604 1103 1670; x_wconf 90' lang='lat' dir='ltr'><strong>scholas</strong></span> <span class='ocrx_word' id='word_1_87' title='bbox 1130 1606 1384 1675; x_wconf 88' lang='lat' dir='ltr'><strong>distributionem</strong></span> 
     </span>
     <span class='ocr_line' id='line_1_14' title="bbox 163 1706 1384 1794; baseline 0.006 -23"><span class='ocrx_word' id='word_1_88' title='bbox 163 1730 245 1792; x_wconf 91' lang='lat' dir='ltr'><strong>quae</strong></span> <span class='ocrx_word' id='word_1_89' title='bbox 279 1707 361 1772; x_wconf 91' lang='lat' dir='ltr'><strong>libro</strong></span> <span class='ocrx_word' id='word_1_90' title='bbox 395 1706 526 1772; x_wconf 83' lang='lat' dir='ltr'>XXXV</span> <span class='ocrx_word' id='word_1_91' title='bbox 559 1707 633 1772; x_wconf 89' lang='lat' dir='ltr'><strong>inde</strong></span> <span class='ocrx_word' id='word_1_92' title='bbox 666 1731 685 1772; x_wconf 88' lang='lat' dir='ltr'><strong>a</strong></span> <span class='ocrx_word' id='word_1_93' title='bbox 719 1709 737 1791; x_wconf 60' lang='grc' dir='ltr'>ξ</span> <span class='ocrx_word' id='word_1_94' title='bbox 762 1709 800 1772; x_wconf 84' lang='grc'><strong>75</strong></span> <span class='ocrx_word' id='word_1_95' title='bbox 834 1709 988 1794; x_wconf 91' lang='lat' dir='ltr'><strong>reperitur</strong></span> <span class='ocrx_word' id='word_1_96' title='bbox 1025 1708 1054 1772; x_wconf 93' lang='lat' dir='ltr'><strong>ei</strong></span> <span class='ocrx_word' id='word_1_97' title='bbox 1083 1708 1191 1772; x_wconf 89' lang='lat' dir='ltr'><strong>deberi</strong></span> <span class='ocrx_word' id='word_1_98' title='bbox 1224 1711 1384 1778; x_wconf 88' lang='lat' dir='ltr'><strong>Rohertus</strong></span> 
     </span>
     <span class='ocr_line' id='line_1_15' title="bbox 164 1808 1384 1895; baseline 0.002 -21"><span class='ocrx_word' id='word_1_99' title='bbox 164 1809 287 1874; x_wconf 88' lang='lat' dir='ltr'><strong>censuit</strong></span> <span class='ocrx_word' id='word_1_100' title='bbox 309 1809 382 1894; x_wconf 83' lang='grc'><strong>(1.1.</strong></span> <span class='ocrx_word' id='word_1_101' title='bbox 407 1811 516 1894; x_wconf 68' lang='lat' dir='ltr'><strong>pte).</strong></span> <span class='ocrx_word' id='word_1_102' title='bbox 550 1810 614 1875; x_wconf 87' lang='lat' dir='ltr'><strong>Sed</strong></span> <span class='ocrx_word' id='word_1_103' title='bbox 637 1821 668 1874; x_wconf 91' lang='lat' dir='ltr'><strong>et</strong></span> <span class='ocrx_word' id='word_1_104' title='bbox 689 1810 742 1873; x_wconf 90' lang='lat' dir='ltr'><strong>hic</strong></span> <span class='ocrx_word' id='word_1_105' title='bbox 764 1833 889 1894; x_wconf 86' lang='lat' dir='ltr'><strong>quoque</strong></span> <span class='ocrx_word' id='word_1_106' title='bbox 902 1808 1049 1895; x_wconf 88' lang='lat' dir='ltr'><strong>Apellem</strong></span> <span class='ocrx_word' id='word_1_107' title='bbox 1072 1811 1186 1874; x_wconf 90' lang='lat' dir='ltr'><strong>ceteris</strong></span> <span class='ocrx_word' id='word_1_108' title='bbox 1209 1810 1384 1878; x_wconf 89' lang='lat' dir='ltr'><strong>artificibus</strong></span> 
     </span>
     <span class='ocr_line' id='line_1_16' title="bbox 164 1910 1386 1996; baseline 0.004 -22"><span class='ocrx_word' id='word_1_109' title='bbox 164 1912 313 1996; x_wconf 89' lang='lat' dir='ltr'><strong>anteponi</strong></span> <span class='ocrx_word' id='word_1_110' title='bbox 341 1910 494 1976; x_wconf 87' lang='lat' dir='ltr'><strong>videmus.</strong></span> <span class='ocrx_word' id='word_1_111' title='bbox 539 1912 619 1974; x_wconf 88' lang='lat' dir='ltr'><strong>Nam</strong></span> <span class='ocrx_word' id='word_1_112' title='bbox 648 1935 721 1976; x_wconf 89' lang='lat' dir='ltr'><strong>cum</strong></span> <span class='ocrx_word' id='word_1_113' title='bbox 748 1912 856 1975; x_wconf 92' lang='lat' dir='ltr'><strong>schola</strong></span> <span class='ocrx_word' id='word_1_114' title='bbox 879 1910 1028 1993; x_wconf 86' lang='lat' dir='ltr'><strong>Sicyonia</strong></span> <span class='ocrx_word' id='word_1_115' title='bbox 1050 1910 1226 1975; x_wconf 87' lang='lat' dir='ltr'><strong>eruditione</strong></span> <span class='ocrx_word' id='word_1_116' title='bbox 1248 1914 1386 1980; x_wconf 89' lang='lat' dir='ltr'><strong>maxime</strong></span> 
     </span>
     <span class='ocr_line' id='line_1_17' title="bbox 163 2010 1384 2099; baseline 0.002 -23"><span class='ocrx_word' id='word_1_117' title='bbox 163 2013 302 2097; x_wconf 88' lang='lat' dir='ltr'><strong>viguisse</strong></span> <span class='ocrx_word' id='word_1_118' title='bbox 332 2012 492 2092; x_wconf 88' lang='lat' dir='ltr'><strong>videatur,</strong></span> <span class='ocrx_word' id='word_1_119' title='bbox 527 2035 595 2077; x_wconf 90' lang='lat' dir='ltr'><strong>cum</strong></span> <span class='ocrx_word' id='word_1_120' title='bbox 624 2014 656 2075; x_wconf 93' lang='lat' dir='ltr'><strong>in</strong></span> <span class='ocrx_word' id='word_1_121' title='bbox 684 2012 852 2098; x_wconf 86' lang='lat' dir='ltr'><strong>Pamphilo</strong></span> <span class='ocrx_word' id='word_1_122' title='bbox 885 2010 1033 2075; x_wconf 88' lang='lat' dir='ltr'><strong>laudetur</strong></span> <span class='ocrx_word' id='word_1_123' title='bbox 1066 2011 1151 2096; x_wconf 91' lang='lat' dir='ltr'><strong>quod</strong></span> <span class='ocrx_word' id='word_1_124' title='bbox 1185 2014 1325 2099; x_wconf 90' lang='lat' dir='ltr'><strong>„primus</strong></span> <span class='ocrx_word' id='word_1_125' title='bbox 1352 2016 1384 2078; x_wconf 93' lang='lat' dir='ltr'><strong>in</strong></span> 
     </span>
     <span class='ocr_line' id='line_1_18' title="bbox 164 2113 1386 2198; baseline 0.002 -21"><span class='ocrx_word' id='word_1_126' title='bbox 164 2113 289 2198; x_wconf 88' lang='lat' dir='ltr'><strong>pictura</strong></span> <span class='ocrx_word' id='word_1_127' title='bbox 322 2114 468 2179; x_wconf 91' lang='lat' dir='ltr'><strong>omnibus</strong></span> <span class='ocrx_word' id='word_1_128' title='bbox 497 2115 596 2180; x_wconf 90' lang='lat' dir='ltr'><strong>literis</strong></span> <span class='ocrx_word' id='word_1_129' title='bbox 624 2115 783 2179; x_wconf 88' lang='lat' dir='ltr'><strong>eruditus“</strong></span> <span class='ocrx_word' id='word_1_130' title='bbox 807 2114 918 2193; x_wconf 85' lang='lat' dir='ltr'><strong>luerit,</strong></span> <span class='ocrx_word' id='word_1_131' title='bbox 946 2113 1113 2198; x_wconf 89' lang='lat' dir='ltr'><strong>praecipue</strong></span> <span class='ocrx_word' id='word_1_132' title='bbox 1136 2115 1333 2180; x_wconf 88' lang='lat' dir='ltr'><strong>arithmetica</strong></span> <span class='ocrx_word' id='word_1_133' title='bbox 1355 2128 1386 2180; x_wconf 88' lang='lat' dir='ltr'><strong>et</strong></span> 
     </span>
     <span class='ocr_line' id='line_1_19' title="bbox 164 2214 1384 2301; baseline 0.003 -23"><span class='ocrx_word' id='word_1_134' title='bbox 164 2216 350 2298; x_wconf 80' lang='lat' dir='ltr'><strong>geometria,</strong></span> <span class='ocrx_word' id='word_1_135' title='bbox 382 2239 454 2280; x_wconf 90' lang='lat' dir='ltr'><strong>cum</strong></span> <span class='ocrx_word' id='word_1_136' title='bbox 480 2216 676 2281; x_wconf 90' lang='lat' dir='ltr'><strong>Melanthius</strong></span> <span class='ocrx_word' id='word_1_137' title='bbox 704 2216 922 2301; x_wconf 86' lang='lat' dir='ltr'><strong>dispositione,</strong></span> <span class='ocrx_word' id='word_1_138' title='bbox 946 2214 1195 2298; x_wconf 87' lang='lat' dir='ltr'><strong>Asclepiodorus</strong></span> <span class='ocrx_word' id='word_1_139' title='bbox 1228 2219 1384 2282; x_wconf 90' lang='lat' dir='ltr'><strong>mensuris</strong></span> 
     </span>
     <span class='ocr_line' id='line_1_20' title="bbox 164 2315 1384 2401; baseline 0.002 -21"><span class='ocrx_word' id='word_1_140' title='bbox 164 2317 431 2400; x_wconf 85' lang='lat' dir='ltr'><strong>praestantissimi</strong></span> <span class='ocrx_word' id='word_1_141' title='bbox 453 2330 567 2397; x_wconf 87' lang='lat' dir='ltr'><strong>essent,</strong></span> <span class='ocrx_word' id='word_1_142' title='bbox 592 2329 698 2382; x_wconf 90' lang='lat' dir='ltr'><strong>tamen</strong></span> <span class='ocrx_word' id='word_1_143' title='bbox 709 2317 853 2401; x_wconf 80' lang='lat' dir='ltr'><strong>Apellea,</strong></span> <span class='ocrx_word' id='word_1_144' title='bbox 876 2338 1070 2401; x_wconf 88' lang='lat' dir='ltr'><strong>quamquam</strong></span> <span class='ocrx_word' id='word_1_145' title='bbox 1090 2316 1124 2379; x_wconf 90' lang='lat' dir='ltr'><strong>in</strong></span> <span class='ocrx_word' id='word_1_146' title='bbox 1146 2315 1196 2381; x_wconf 93' lang='lat' dir='ltr'><strong>his</strong></span> <span class='ocrx_word' id='word_1_147' title='bbox 1219 2318 1313 2382; x_wconf 90' lang='lat' dir='ltr'><strong>rebus</strong></span> <span class='ocrx_word' id='word_1_148' title='bbox 1336 2320 1384 2382; x_wconf 92' lang='lat' dir='ltr'><strong>in·</strong></span> 
     </span>
     <span class='ocr_line' id='line_1_21' title="bbox 164 2417 1385 2506; baseline 0.002 -26"><span class='ocrx_word' id='word_1_149' title='bbox 164 2417 269 2498; x_wconf 84' lang='lat' dir='ltr'><strong>ferior,</strong></span> <span class='ocrx_word' id='word_1_150' title='bbox 292 2419 387 2504; x_wconf 89' lang='lat' dir='ltr'><strong>longe</strong></span> <span class='ocrx_word' id='word_1_151' title='bbox 410 2443 463 2486; x_wconf 90' lang='lat' dir='ltr'><strong>eos</strong></span> <span class='ocrx_word' id='word_1_152' title='bbox 486 2420 649 2506; x_wconf 88' lang='lat' dir='ltr'><strong>superavit</strong></span> <span class='ocrx_word' id='word_1_153' title='bbox 670 2429 850 2497; x_wconf 79' lang='lat' dir='ltr'><strong>venustate,</strong></span> <span class='ocrx_word' id='word_1_154' title='bbox 876 2441 956 2503; x_wconf 86' lang='lat' dir='ltr'><strong>quae</strong></span> <span class='ocrx_word' id='word_1_155' title='bbox 978 2418 1098 2502; x_wconf 89' lang='lat' dir='ltr'><strong>ingenii</strong></span> <span class='ocrx_word' id='word_1_156' title='bbox 1122 2429 1169 2482; x_wconf 88' lang='lat' dir='ltr'><strong>est</strong></span> <span class='ocrx_word' id='word_1_157' title='bbox 1190 2441 1292 2504; x_wconf 90' lang='lat' dir='ltr'><strong>neque</strong></span> <span class='ocrx_word' id='word_1_158' title='bbox 1314 2444 1385 2485; x_wconf 89' lang='lat' dir='ltr'><strong>eru-</strong></span> 
     </span>
     <span class='ocr_line' id='line_1_22' title="bbox 164 2518 1384 2607; baseline 0.002 -26"><span class='ocrx_word' id='word_1_159' title='bbox 164 2518 283 2584; x_wconf 91' lang='lat' dir='ltr'><strong>ditione</strong></span> <span class='ocrx_word' id='word_1_160' title='bbox 305 2523 411 2606; x_wconf 90' lang='lat' dir='ltr'><strong>parari</strong></span> <span class='ocrx_word' id='word_1_161' title='bbox 434 2533 489 2585; x_wconf 89' lang='lat' dir='ltr'><strong>aut</strong></span> <span class='ocrx_word' id='word_1_162' title='bbox 517 2521 680 2605; x_wconf 86' lang='lat' dir='ltr'><strong>diligentia</strong></span> <span class='ocrx_word' id='word_1_163' title='bbox 707 2521 827 2607; x_wconf 87' lang='lat' dir='ltr'><strong>expleri</strong></span> <span class='ocrx_word' id='word_1_164' title='bbox 853 2531 966 2604; x_wconf 89' lang='lat' dir='ltr'><strong>potest.</strong></span> <span class='ocrx_word' id='word_1_165' title='bbox 1011 2520 1250 2584; x_wconf 90' lang='lat' dir='ltr'><strong>Meminerimus</strong></span> <span class='ocrx_word' id='word_1_166' title='bbox 1278 2532 1384 2584; x_wconf 90' lang='lat' dir='ltr'><strong>autem</strong></span> 
     </span>
     <span class='ocr_line' id='line_1_23' title="bbox 166 2620 1385 2709; baseline 0.003 -26"><span class='ocrx_word' id='word_1_167' title='bbox 166 2620 260 2685; x_wconf 90' lang='lat' dir='ltr'><strong>etiam</strong></span> <span class='ocrx_word' id='word_1_168' title='bbox 284 2623 317 2685; x_wconf 91' lang='lat' dir='ltr'><strong>in</strong></span> <span class='ocrx_word' id='word_1_169' title='bbox 340 2646 377 2687; x_wconf 90' lang='lat' dir='ltr'><strong>eo</strong></span> <span class='ocrx_word' id='word_1_170' title='bbox 394 2623 480 2709; x_wconf 88' lang='lat' dir='ltr'><strong>quod</strong></span> <span class='ocrx_word' id='word_1_171' title='bbox 496 2624 656 2705; x_wconf 89' lang='lat' dir='ltr'><strong>Antigono</strong></span> <span class='ocrx_word' id='word_1_172' title='bbox 679 2623 890 2686; x_wconf 88' lang='lat' dir='ltr'><strong>tribueramus</strong></span> <span class='ocrx_word' id='word_1_173' title='bbox 907 2621 945 2683; x_wconf 90' lang='lat' dir='ltr'><strong>de</strong></span> <span class='ocrx_word' id='word_1_174' title='bbox 957 2620 1098 2707; x_wconf 90' lang='lat' dir='ltr'><strong>Lysippo</strong></span> <span class='ocrx_word' id='word_1_175' title='bbox 1113 2620 1232 2685; x_wconf 90' lang='lat' dir='ltr'><strong>iudicio</strong></span> <span class='ocrx_word' id='word_1_176' title='bbox 1249 2622 1315 2703; x_wconf 85' lang='lat'><strong>(34,</strong></span> <span class='ocrx_word' id='word_1_177' title='bbox 1329 2624 1385 2705; x_wconf 83' lang='lat'><strong>66)</strong></span> 
     </span>
     <span class='ocr_line' id='line_1_24' title="bbox 166 2721 1385 2806; baseline 0.002 -21"><span class='ocrx_word' id='word_1_178' title='bbox 166 2722 355 2806; x_wconf 82' lang='lat' dir='ltr'><strong>elegantiam</strong></span> <span class='ocrx_word' id='word_1_179' title='bbox 389 2725 456 2789; x_wconf 90' lang='lat' dir='ltr'><strong>eius</strong></span> <span class='ocrx_word' id='word_1_180' title='bbox 483 2726 620 2789; x_wconf 84' lang='lat' dir='ltr'><strong>maxime</strong></span> <span class='ocrx_word' id='word_1_181' title='bbox 653 2746 723 2789; x_wconf 89' lang='lat' dir='ltr'><strong>esse</strong></span> <span class='ocrx_word' id='word_1_182' title='bbox 750 2723 921 2788; x_wconf 87' lang='lat' dir='ltr'><strong>laudatam.</strong></span> <span class='ocrx_word' id='word_1_183' title='bbox 971 2722 1009 2785; x_wconf 88' lang='lat' dir='ltr'><strong>ln</strong></span> <span class='ocrx_word' id='word_1_184' title='bbox 1042 2721 1169 2786; x_wconf 91' lang='lat' dir='ltr'><strong>iudiciis</strong></span> <span class='ocrx_word' id='word_1_185' title='bbox 1203 2734 1307 2787; x_wconf 89' lang='lat' dir='ltr'><strong>autem</strong></span> <span class='ocrx_word' id='word_1_186' title='bbox 1340 2725 1385 2788; x_wconf 91' lang='lat' dir='ltr'><strong>eis</strong></span> 
     </span>
     <span class='ocr_line' id='line_1_25' title="bbox 166 2824 1385 2912; baseline 0.001 -25"><span class='ocrx_word' id='word_1_187' title='bbox 166 2826 392 2911; x_wconf 88' lang='lat' dir='ltr'><strong>componendis</strong></span> <span class='ocrx_word' id='word_1_188' title='bbox 414 2827 597 2912; x_wconf 86' lang='lat' dir='ltr'><strong>Antigonus</strong></span> <span class='ocrx_word' id='word_1_189' title='bbox 622 2851 688 2892; x_wconf 90' lang='lat' dir='ltr'><strong>non</strong></span> <span class='ocrx_word' id='word_1_190' title='bbox 715 2827 814 2891; x_wconf 91' lang='lat' dir='ltr'><strong>solum</strong></span> <span class='ocrx_word' id='word_1_191' title='bbox 845 2847 942 2911; x_wconf 89' lang='lat' dir='ltr'><strong>opera</strong></span> <span class='ocrx_word' id='word_1_192' title='bbox 968 2824 1126 2888; x_wconf 87' lang='lat' dir='ltr'><strong>artificum</strong></span> <span class='ocrx_word' id='word_1_193' title='bbox 1153 2825 1304 2911; x_wconf 85' lang='lat' dir='ltr'><strong>respexit,</strong></span> <span class='ocrx_word' id='word_1_194' title='bbox 1328 2825 1385 2890; x_wconf 89' lang='lat' dir='ltr'><strong>sed</strong></span> 
     </span>
     <span class='ocr_line' id='line_1_26' title="bbox 167 2925 1384 3012; baseline -0.001 -22"><span class='ocrx_word' id='word_1_195' title='bbox 167 2925 263 2990; x_wconf 89' lang='lat' dir='ltr'><strong>etiam</strong></span> <span class='ocrx_word' id='word_1_196' title='bbox 295 2927 459 2992; x_wconf 85' lang='lat' dir='ltr'><strong>volumina</strong></span> <span class='ocrx_word' id='word_1_197' title='bbox 492 2931 532 2993; x_wconf 89' lang='lat' dir='ltr'><strong>ab</strong></span> <span class='ocrx_word' id='word_1_198' title='bbox 567 2929 646 3012; x_wconf 91' lang='lat' dir='ltr'><strong>ipsis</strong></span> <span class='ocrx_word' id='word_1_199' title='bbox 682 2929 856 2993; x_wconf 89' lang='lat' dir='ltr'><strong>artificibus</strong></span> <span class='ocrx_word' id='word_1_200' title='bbox 891 2927 1066 3011; x_wconf 87' lang='lat' dir='ltr'><strong>composita</strong></span> <span class='ocrx_word' id='word_1_201' title='bbox 1130 2925 1214 2990; x_wconf 92' lang='lat' dir='ltr'><strong>Nam</strong></span> <span class='ocrx_word' id='word_1_202' title='bbox 1241 2927 1384 3009; x_wconf 89' lang='lat' dir='ltr'><strong>Apelles,</strong></span> 
     </span>
     <span class='ocr_line' id='line_1_27' title="bbox 166 3025 1385 3117; baseline 0.001 -27"><span class='ocrx_word' id='word_1_203' title='bbox 166 3025 377 3109; x_wconf 85' lang='lat' dir='ltr'><strong>Melanthius,</strong></span> <span class='ocrx_word' id='word_1_204' title='bbox 411 3031 672 3113; x_wconf 82' lang='lat' dir='ltr'><strong>Asclepiodorus,</strong></span> <span class='ocrx_word' id='word_1_205' title='bbox 700 3030 933 3117; x_wconf 80' lang='lat' dir='ltr'><strong>Euphran0r1)</strong></span> <span class='ocrx_word' id='word_1_206' title='bbox 960 3051 978 3091; x_wconf 89' lang='lat' dir='ltr'><strong>a</strong></span> <span class='ocrx_word' id='word_1_207' title='bbox 1005 3027 1110 3090; x_wconf 91' lang='lat' dir='ltr'><strong>Plinio</strong></span> <span class='ocrx_word' id='word_1_208' title='bbox 1140 3027 1173 3091; x_wconf 89' lang='lat' dir='ltr'><strong>in</strong></span> <span class='ocrx_word' id='word_1_209' title='bbox 1202 3029 1385 3092; x_wconf 91' lang='lat' dir='ltr'><strong>auctoribus</strong></span> 
     </span>
     <span class='ocr_line' id='line_1_28' title="bbox 165 3128 1384 3220; baseline 0 -29"><span class='ocrx_word' id='word_1_210' title='bbox 165 3128 241 3193; x_wconf 90' lang='lat' dir='ltr'><strong>libri</strong></span> <span class='ocrx_word' id='word_1_211' title='bbox 262 3128 392 3194; x_wconf 88' lang='lat' dir='ltr'>XXXV</span> <span class='ocrx_word' id='word_1_212' title='bbox 414 3132 507 3196; x_wconf 89' lang='lat' dir='ltr'><strong>relati</strong></span> <span class='ocrx_word' id='word_1_213' title='bbox 522 3143 608 3215; x_wconf 81' lang='lat' dir='ltr'><strong>sunt3</strong></span> <span class='ocrx_word' id='word_1_214' title='bbox 633 3131 834 3220; x_wconf 88' lang='lat' dir='ltr'><strong>Pamphilum</strong></span> <span class='ocrx_word' id='word_1_215' title='bbox 854 3151 980 3216; x_wconf 88' lang='lat' dir='ltr'><strong>quoque</strong></span> <span class='ocrx_word' id='word_1_216' title='bbox 996 3128 1035 3192; x_wconf 91' lang='lat' dir='ltr'><strong>de</strong></span> <span class='ocrx_word' id='word_1_217' title='bbox 1058 3151 1116 3192; x_wconf 90' lang='lat' dir='ltr'><strong>sua</strong></span> <span class='ocrx_word' id='word_1_218' title='bbox 1137 3140 1204 3192; x_wconf 89' lang='lat' dir='ltr'><strong>arte</strong></span> <span class='ocrx_word' id='word_1_219' title='bbox 1219 3128 1384 3212; x_wconf 90' lang='lat' dir='ltr'><strong>scripsisse</strong></span> 
     </span>
     <span class='ocr_line' id='line_1_29' title="bbox 167 3229 1386 3321; baseline 0 -27"><span class='ocrx_word' id='word_1_220' title='bbox 167 3229 345 3296; x_wconf 89' lang='lat' dir='ltr'><strong>Urlichsius</strong></span> <span class='ocrx_word' id='word_1_221' title='bbox 378 3234 708 3316; x_wconf 82' lang='lat' dir='ltr'><strong>(kunstsohriltsteller</strong></span> <span class='ocrx_word' id='word_1_222' title='bbox 741 3258 771 3321; x_wconf 94' lang='lat' dir='ltr'><strong>p.</strong></span> <span class='ocrx_word' id='word_1_223' title='bbox 796 3233 850 3314; x_wconf 87' lang='grc'><strong>15)</strong></span> <span class='ocrx_word' id='word_1_224' title='bbox 880 3230 1086 3314; x_wconf 88' lang='lat' dir='ltr'><strong>probabiliter</strong></span> <span class='ocrx_word' id='word_1_225' title='bbox 1119 3230 1262 3294; x_wconf 89' lang='lat' dir='ltr'><strong>coniecit.</strong></span> <span class='ocrx_word' id='word_1_226' title='bbox 1317 3229 1386 3294; x_wconf 90' lang='lat' dir='ltr'><strong>Nec</strong></span> 
     </span>
     <span class='ocr_line' id='line_1_30' title="bbox 167 3331 1386 3424; baseline 0.001 -30"><span class='ocrx_word' id='word_1_227' title='bbox 167 3341 271 3396; x_wconf 92' lang='lat' dir='ltr'><strong>tamen</strong></span> <span class='ocrx_word' id='word_1_228' title='bbox 294 3357 362 3398; x_wconf 90' lang='lat' dir='ltr'><strong>cum</strong></span> <span class='ocrx_word' id='word_1_229' title='bbox 388 3336 497 3401; x_wconf 89' lang='lat' dir='ltr'><strong>eodem</strong></span> <span class='ocrx_word' id='word_1_230' title='bbox 521 3337 697 3402; x_wconf 88' lang='lat' dir='ltr'><strong>consentire</strong></span> <span class='ocrx_word' id='word_1_231' title='bbox 719 3358 850 3424; x_wconf 88' lang='lat' dir='ltr'><strong>possum</strong></span> <span class='ocrx_word' id='word_1_232' title='bbox 872 3334 969 3396; x_wconf 87' lang='lat' dir='ltr'><strong>verba</strong></span> <span class='ocrx_word' id='word_1_233' title='bbox 992 3355 1029 3397; x_wconf 92' lang='lat' dir='ltr'><strong>ea</strong></span> <span class='ocrx_word' id='word_1_234' title='bbox 1044 3332 1110 3414; x_wconf 84' lang='lat'><strong>(35,</strong></span> <span class='ocrx_word' id='word_1_235' title='bbox 1129 3332 1205 3413; x_wconf 81' lang='lat'>107)</span> <span class='ocrx_word' id='word_1_236' title='bbox 1220 3331 1386 3396; x_wconf 58' lang='lat' dir='ltr'><strong>deAsclee</strong></span> 
     </span>
     <span class='ocr_line' id='line_1_31' title="bbox 166 3432 1386 3523; baseline 0 -27"><span class='ocrx_word' id='word_1_237' title='bbox 166 3434 297 3519; x_wconf 91' lang='lat' dir='ltr'><strong>piodoro</strong></span> <span class='ocrx_word' id='word_1_238' title='bbox 320 3437 418 3502; x_wconf 87' lang='lat' dir='ltr'><strong>dicta:</strong></span> <span class='ocrx_word' id='word_1_239' title='bbox 451 3461 561 3523; x_wconf 86' lang='lat' dir='ltr'><strong>„quern</strong></span> <span class='ocrx_word' id='word_1_240' title='bbox 596 3438 631 3501; x_wconf 92' lang='lat' dir='ltr'><strong>in</strong></span> <span class='ocrx_word' id='word_1_241' title='bbox 664 3436 849 3523; x_wconf 84' lang='lat' dir='ltr'><strong>symmetria</strong></span> <span class='ocrx_word' id='word_1_242' title='bbox 875 3435 1049 3498; x_wconf 88' lang='lat' dir='ltr'><strong>mirabatur</strong></span> <span class='ocrx_word' id='word_1_243' title='bbox 1070 3432 1221 3517; x_wconf 81' lang='lat' dir='ltr'><strong>Apelles“</strong></span> <span class='ocrx_word' id='word_1_244' title='bbox 1249 3457 1289 3498; x_wconf 84' lang='lat' dir='ltr'><strong>ex</strong></span> <span class='ocrx_word' id='word_1_245' title='bbox 1315 3433 1386 3518; x_wconf 93' lang='lat' dir='ltr'><strong>ipso</strong></span> 
     </span>
     <span class='ocr_line' id='line_1_32' title="bbox 93 3534 1386 3624; baseline -0.001 -26"><span class='ocrx_word' id='word_1_246' title='bbox 93 3560 99 3573; x_wconf 93' lang='lat'><strong>·</strong></span> <span class='ocrx_word' id='word_1_247' title='bbox 167 3535 247 3599; x_wconf 92' lang='lat' dir='ltr'><strong>libro</strong></span> <span class='ocrx_word' id='word_1_248' title='bbox 270 3538 395 3624; x_wconf 90' lang='lat' dir='ltr'><strong>Apellis</strong></span> <span class='ocrx_word' id='word_1_249' title='bbox 428 3563 506 3623; x_wconf 90' lang='lat' dir='ltr'><strong>esse,</strong></span> <span class='ocrx_word' id='word_1_250' title='bbox 540 3542 635 3605; x_wconf 93' lang='lat' dir='ltr'><strong>immo</strong></span> <span class='ocrx_word' id='word_1_251' title='bbox 659 3563 734 3604; x_wconf 90' lang='lat' dir='ltr'><strong>vero</strong></span> <span class='ocrx_word' id='word_1_252' title='bbox 757 3538 880 3601; x_wconf 90' lang='lat' dir='ltr'><strong>Plinius</strong></span> <span class='ocrx_word' id='word_1_253' title='bbox 913 3535 980 3621; x_wconf 89' lang='lat' dir='ltr'><strong>ipse</strong></span> <span class='ocrx_word' id='word_1_254' title='bbox 1014 3534 1175 3619; x_wconf 83' lang='lat' dir='ltr'><strong>repetivit,</strong></span> <span class='ocrx_word' id='word_1_255' title='bbox 1211 3536 1294 3620; x_wconf 93' lang='lat' dir='ltr'><strong>quod</strong></span> <span class='ocrx_word' id='word_1_256' title='bbox 1321 3536 1386 3598; x_wconf 90' lang='lat' dir='ltr'><strong>iam</strong></span> 
     </span>
     <span class='ocr_line' id='line_1_33' title="bbox 168 3635 1386 3729; baseline -0.002 -29"><span class='ocrx_word' id='word_1_257' title='bbox 168 3637 219 3719; x_wconf 86' lang='grc'><strong>35,</strong></span> <span class='ocrx_word' id='word_1_258' title='bbox 235 3640 276 3703; x_wconf 88' lang='lat'><strong>80</strong></span> <span class='ocrx_word' id='word_1_259' title='bbox 299 3639 337 3704; x_wconf 91' lang='lat' dir='ltr'><strong>de</strong></span> <span class='ocrx_word' id='word_1_260' title='bbox 359 3642 591 3728; x_wconf 88' lang='lat' dir='ltr'><strong>Asclepiodoro</strong></span> <span class='ocrx_word' id='word_1_261' title='bbox 614 3641 862 3729; x_wconf 87' lang='lat' dir='ltr'><strong>praedicaverat.</strong></span> <span class='ocrx_word' id='word_1_262' title='bbox 900 3638 1005 3701; x_wconf 90' lang='lat' dir='ltr'><strong>Aliter</strong></span> <span class='ocrx_word' id='word_1_263' title='bbox 1028 3636 1066 3700; x_wconf 91' lang='lat' dir='ltr'><strong>de</strong></span> <span class='ocrx_word' id='word_1_264' title='bbox 1089 3635 1216 3700; x_wconf 92' lang='lat' dir='ltr'><strong>iudiciis</strong></span> <span class='ocrx_word' id='word_1_265' title='bbox 1239 3636 1386 3699; x_wconf 87' lang='lat' dir='ltr'><strong>abAnti-</strong></span> 
     </span>
     <span class='ocr_line' id='line_1_34' title="bbox 168 3737 1386 3828; baseline -0.001 -27"><span class='ocrx_word' id='word_1_266' title='bbox 168 3759 251 3821; x_wconf 93' lang='lat' dir='ltr'><strong>gono</strong></span> <span class='ocrx_word' id='word_1_267' title='bbox 272 3741 423 3828; x_wconf 86' lang='lat' dir='ltr'><strong>profectis</strong></span> <span class='ocrx_word' id='word_1_268' title='bbox 447 3743 565 3809; x_wconf 86' lang='lat' dir='ltr'><strong>iudicat</strong></span> <span class='ocrx_word' id='word_1_269' title='bbox 586 3744 746 3808; x_wconf 86' lang='lat' dir='ltr'><strong>Robertus</strong></span> <span class='ocrx_word' id='word_1_270' title='bbox 768 3741 802 3824; x_wconf 91' lang='lat' dir='ltr'><strong>(l.</strong></span> <span class='ocrx_word' id='word_1_271' title='bbox 826 3742 848 3806; x_wconf 85' lang='lat' dir='ltr'><strong>l.</strong></span> <span class='ocrx_word' id='word_1_272' title='bbox 872 3763 900 3826; x_wconf 91' lang='lat' dir='ltr'><strong>p.</strong></span> <span class='ocrx_word' id='word_1_273' title='bbox 918 3741 958 3804; x_wconf 78' lang='lat'><strong>28</strong></span> <span class='ocrx_word' id='word_1_274' title='bbox 971 3738 1044 3824; x_wconf 91' lang='lat' dir='ltr'><strong>sq.).</strong></span> <span class='ocrx_word' id='word_1_275' title='bbox 1093 3738 1127 3801; x_wconf 91' lang='lat' dir='ltr'><strong>Is</strong></span> <span class='ocrx_word' id='word_1_276' title='bbox 1153 3738 1238 3801; x_wconf 90' lang='lat' dir='ltr'><strong>enim</strong></span> <span class='ocrx_word' id='word_1_277' title='bbox 1267 3737 1386 3801; x_wconf 87' lang='lat' dir='ltr'><strong>iudicia</strong></span> 
     </span>
     <span class='ocr_line' id='line_1_35' title="bbox 168 3839 1385 3931; baseline -0.002 -27"><span class='ocrx_word' id='word_1_278' title='bbox 168 3862 215 3921; x_wconf 88' lang='lat' dir='ltr'><strong>ea,</strong></span> <span class='ocrx_word' id='word_1_279' title='bbox 232 3863 314 3926; x_wconf 92' lang='lat' dir='ltr'><strong>quae</strong></span> <span class='ocrx_word' id='word_1_280' title='bbox 330 3845 414 3931; x_wconf 88' lang='lat' dir='ltr'><strong>apud</strong></span> <span class='ocrx_word' id='word_1_281' title='bbox 432 3845 682 3926; x_wconf 78' lang='lat' dir='ltr'><strong>Quinctilianum</strong></span> <span class='ocrx_word' id='word_1_282' title='bbox 708 3843 796 3928; x_wconf 90' lang='lat' dir='ltr'>(XII.</span> <span class='ocrx_word' id='word_1_283' title='bbox 815 3846 864 3908; x_wconf 89' lang='lat'><strong>10.</strong></span> <span class='ocrx_word' id='word_1_284' title='bbox 883 3841 978 3927; x_wconf 83' lang='lat' dir='ltr'><strong>3sq.)</strong></span> <span class='ocrx_word' id='word_1_285' title='bbox 1003 3839 1042 3905; x_wconf 92' lang='lat' dir='ltr'><strong>de</strong></span> <span class='ocrx_word' id='word_1_286' title='bbox 1065 3839 1241 3903; x_wconf 89' lang='lat' dir='ltr'><strong>artificibus</strong></span> <span class='ocrx_word' id='word_1_287' title='bbox 1264 3840 1308 3903; x_wconf 92' lang='lat' dir='ltr'><strong>eis</strong></span> <span class='ocrx_word' id='word_1_288' title='bbox 1331 3839 1385 3923; x_wconf 90' lang='lat' dir='ltr'><strong>qui</strong></span> 
     </span>
     <span class='ocr_line' id='line_1_36' title="bbox 168 3941 1386 4028; baseline -0.001 -23"><span class='ocrx_word' id='word_1_289' title='bbox 168 3942 202 4005; x_wconf 94' lang='lat' dir='ltr'><strong>in</strong></span> <span class='ocrx_word' id='word_1_290' title='bbox 223 3942 422 4028; x_wconf 86' lang='lat' dir='ltr'><strong>Pergameno</strong></span> <span class='ocrx_word' id='word_1_291' title='bbox 445 3970 566 4012; x_wconf 91' lang='lat' dir='ltr'><strong>canone</strong></span> <span class='ocrx_word' id='word_1_292' title='bbox 590 3957 696 4012; x_wconf 88' lang='lat' dir='ltr'><strong>essent</strong></span> <span class='ocrx_word' id='word_1_293' title='bbox 717 3945 802 4010; x_wconf 84' lang='lat' dir='ltr'><strong>iacta</strong></span> <span class='ocrx_word' id='word_1_294' title='bbox 824 3945 1040 4009; x_wconf 86' lang='lat' dir='ltr'><strong>invenirentur</strong></span> <span class='ocrx_word' id='word_1_295' title='bbox 1052 3941 1214 4023; x_wconf 87' lang='lat' dir='ltr'><strong>Antigono</strong></span> <span class='ocrx_word' id='word_1_296' title='bbox 1233 3941 1386 4020; x_wconf 85' lang='lat' dir='ltr'><strong>attribuit,</strong></span> 
     </span>
    </p>
   </div>
   <div class='ocr_carea' id='block_1_4' title="bbox 166 4160 1387 4318">
    <p class='ocr_par' dir='ltr' id='par_1_8' title="bbox 166 4160 1387 4318">
     <span class='ocr_line' id='line_1_37' title="bbox 237 4160 1387 4237; baseline -0.005 -19"><span class='ocrx_word' id='word_1_297' title='bbox 237 4166 262 4232; x_wconf 87' lang='lat'><strong>1)</strong></span> <span class='ocrx_word' id='word_1_298' title='bbox 279 4166 477 4236; x_wconf 83' lang='lat' dir='ltr'><strong>Euphranorem</strong></span> <span class='ocrx_word' id='word_1_299' title='bbox 501 4173 638 4237; x_wconf 86' lang='lat' dir='ltr'><strong>praecepta</strong></span> <span class='ocrx_word' id='word_1_300' title='bbox 664 4165 874 4234; x_wconf 79' lang='lat' dir='ltr'><strong>symmetriarum</strong></span> <span class='ocrx_word' id='word_1_301' title='bbox 902 4162 1042 4216; x_wconf 87' lang='lat' dir='ltr'><strong>tradidisse</strong></span> <span class='ocrx_word' id='word_1_302' title='bbox 1069 4164 1160 4215; x_wconf 83' lang='lat' dir='ltr'><strong>auctor</strong></span> <span class='ocrx_word' id='word_1_303' title='bbox 1186 4166 1225 4213; x_wconf 89' lang='lat' dir='ltr'><strong>est</strong></span> <span class='ocrx_word' id='word_1_304' title='bbox 1248 4160 1387 4215; x_wconf 85' lang='lat' dir='ltr'><strong>Vitruvius</strong></span> 
     </span>
     <span class='ocr_line' id='line_1_38' title="bbox 166 4252 325 4318; baseline 0.013 -14"><span class='ocrx_word' id='word_1_305' title='bbox 166 4253 246 4318; x_wconf 85' lang='lat' dir='ltr'><strong>praef.</strong></span> <span class='ocrx_word' id='word_1_306' title='bbox 267 4252 325 4306; x_wconf 86' lang='lat' dir='ltr'><strong>Vll.</strong></span> 
     </span>
    </p>
   </div>
   <div class='ocr_carea' id='block_1_5' title="bbox 0 0 1629 4822">
    <p class='ocr_par' dir='ltr' id='par_1_9' title="bbox 0 0 1629 4822">
     <span class='ocr_line' id='line_1_39' title="bbox 0 0 1629 4822; baseline 0 0"><span class='ocrx_word' id='word_1_307' title='bbox 0 0 1629 4822; x_wconf 95' lang='lat' dir='ltr'><strong> </strong></span> 
     </span>
    </p>
   </div>
  </div>
 </body>
</html>
