3232 4822
708 294 817 389 *9

197 474 318 528 restant
343 462 510 526 maximam
536 472 657 548 partem
684 463 815 528 Pasiteli
843 476 874 528 et
901 463 1039 529 Varroni
1066 463 1164 527 tribui
1196 462 1328 543 debent3
1361 449 1426 528 scd'

198 563 356 649 quomodo
379 563 461 628 inter
484 574 649 651 utrumque
672 564 883 652 dispertienda
905 567 978 644 sint,
1007 563 1207 629 handfaeile
1229 563 1341 630 estad
1364 563 1419 629 de-

199 665 400 729 cernendum.
445 665 529 730 Nam
552 691 590 732 ex
612 691 675 754 quo
690 667 868 748 Jahnius1)
891 689 928 732 ec
951 689 1055 732 errore
1079 667 1242 748 duetus2),
1266 676 1300 730 ut
1322 688 1419 750 opera

196 767 375 832 ePasitele
402 767 517 833 hausta
538 792 557 833 a
579 769 683 833 Plinio
712 768 849 849 ,nobilia‘
877 769 1030 856 appellari
1057 768 1157 832 solere
1179 776 1314 854 putaret,
1337 789 1418 852 quae

198 868 282 932 illius
305 878 411 934 essent
434 891 595 935 secernere
618 880 750 934 conatus
773 879 830 950 est,
852 893 916 934 non
940 869 1105 934 defuerunt
1126 869 1180 954 qui
1197 868 1283 932 nullo
1298 868 1418 932 maiore

199 992 345 1034 successu
368 970 453 1034 idem
474 971 702 1056 experirentur,
727 970 827 1036 donec
849 971 1126 1055 Furtwaenglerus
1148 970 1185 1053 (l.
1207 970 1227 1033 l.
1251 993 1281 1056 p.
1297 972 1336 1034 41
1355 970 1418 1056 sq.)

201 1059 377 1137 Varronem¹
397 1080 429 1136 et
443 1070 613 1137 Pasitelem
635 1072 668 1136 in
691 1073 768 1140 artis
791 1073 938 1159 operibus
961 1070 1129 1136 laudandis
1151 1093 1189 1134 ea
1210 1071 1365 1158 imprimis
1385 1094 1419 1137 re

198 1172 282 1237 inter
304 1196 337 1238 se
361 1173 487 1239 differre
509 1173 679 1260 perspexit,
695 1173 778 1259 quod
800 1173 852 1239 hie
872 1173 975 1258 magis
998 1172 1137 1253 artificis,
1153 1173 1206 1237 illc
1222 1173 1418 1259 antiquitatis

199 1275 432 1360 investigatoris
453 1277 493 1339 in¹
508 1273 635 1340 modum
657 1297 691 1339 se
714 1287 815 1360 gerat:
838 1275 945 1361 itaque
968 1274 1052 1338 hunc
1074 1274 1267 1359 argumentis
1287 1297 1418 1360 operum

199 1378 376 1441 accuratius
405 1377 621 1442 describendis
647 1377 816 1462 plurimum
842 1377 997 1455 tribuere,
1024 1375 1114 1440 illum
1139 1376 1230 1440 brevi
1256 1375 1417 1461 notatione

199 1500 294 1563 opere
317 1480 439 1562 signato
461 1478 563 1560 magis
583 1479 677 1543 rebus
694 1479 733 1542 ab
751 1489 817 1543 arte
832 1479 903 1563 ipsa
918 1477 1038 1558 alicnis,
1056 1477 1138 1542 sicut
1152 1478 1263 1563 pretio,
1278 1477 1419 1541 animum

199 1579 372 1642 attendere.
422 1579 594 1645 Praeterea
623 1578 792 1644 Pasitelem
819 1579 912 1644 facile
940 1580 1070 1664 agnosci
1096 1578 1131 1642 in
1157 1578 1236 1644 locis
1265 1601 1284 1642 a
1312 1577 1419 1642 Plinio

198 1692 263 1743 non
284 1690 369 1744 recte
390 1703 407 1743 e
431 1681 553 1745 Graeco
580 1703 724 1744 sermone
750 1681 919 1746 conversis
965 1679 1038 1760 Qua
1064 1681 1124 1744 viri
1151 1678 1236 1744 docti
1262 1679 1419 1744 sententia

199 1782 294 1844 etiam
317 1779 525 1846 Schreiberus
553 1780 717 1862 refutatur,
745 1781 799 1867 qui
825 1781 995 1846 Pasitelem
1020 1803 1084 1845 non
1113 1782 1214 1867 ipsum
1243 1779 1417 1844 adhibitum

198 1904 276 1961 esse,
301 1882 357 1947 sed
379 1906 436 1968 per
458 1882 634 1947 Varronem
656 1884 688 1947 in
710 1882 854 1948 notitiam
877 1883 975 1946 Plinii
1003 1884 1127 1947 venisse
1149 1890 1315 1969 putaverat
1338 1881 1374 1965 (l.
1396 1880 1418 1946 l.

197 2008 227 2072 p.
253 1986 321 2066 20).
363 1985 446 2049 Nam
468 1985 621 2071 exemplis
643 1986 797 2071 imprimis
826 1984 917 2069 Lycii
940 1984 989 2049 bis
1013 1983 1248 2049 commemorati
1271 1984 1337 2067 (34,
1361 1985 1417 2065 79)

199 2096 230 2149 et
256 2085 394 2150 Theonis
424 2086 645 2172 Theorique2)
671 2087 743 2168 (35,
769 2087 849 2168 144)
883 2096 1050 2171 utrumque
1082 2087 1114 2148 in
1148 2107 1240 2149 usum
1270 2095 1420 2150 vocatum

199 2209 276 2268 esse,
301 2187 579 2270 Furtwaenglerus
594 2188 692 2253 firmis
708 2189 902 2271 argumentis
918 2185 1155 2251 demonstravit.
1189 2186 1300 2271 Neque
1314 2187 1417 2270 magis

199 2289 364 2374 probanda
387 2299 434 2353 est
455 2288 628 2354 Dalsteinii
651 2289 815 2354 sententia.
861 2288 1022 2369 Quicum
1045 2311 1081 2353 eo
1105 2298 1272 2375 spectaret,
1299 2296 1335 2351 ut
1355 2285 1420 2350 Pa-

198 2391 279 2455 siteli
313 2413 408 2475 quam
439 2391 577 2476 plurima
609 2392 778 2472 tribueret,
818 2391 914 2455 etiam
947 2390 1104 2455 vocabula
1142 2388 1267 2455 Graeca
1307 2390 1418 2455 crebro

198 2491 340 2557 adhibita
366 2492 623 2579 frequentemque
650 2492 809 2579 participii
837 2504 868 2556 et
894 2491 1042 2556 infinitivi
1070 2491 1103 2555 in
1131 2492 1279 2578 operibus
1302 2489 1419 2555 deseri·

197 2591 311 2657 bendis
334 2615 427 2656 usum
446 2592 633 2658 documento
649 2615 719 2658 esse
735 2595 868 2681 putavit,
884 2593 1034 2678 pleraque
1049 2615 1086 2658 ca
1102 2615 1119 2657 e
1135 2592 1267 2658 Graecis
1282 2592 1419 2656 auetori-

199 2694 268 2773 bus,
302 2694 453 2778 scriptore
476 2693 621 2759 Romano
654 2718 718 2760 non
740 2694 961 2775 intercedente,
995 2695 1204 2781 transscripta
1236 2716 1316 2760 esse.
1372 2695 1419 2757 At

197 2795 266 2882 ipsc
289 2796 509 2882 apoxyomeni,
532 2819 627 2882 quem
652 2797 685 2860 in
715 2797 897 2862 cubiculum
920 2820 1013 2863 suum
1034 2797 1181 2861 Tiberius
1203 2796 1416 2876 transtulerat,

199 2898 342 2983 exemplo
359 2899 425 2979 (34,
443 2898 499 2980 62)
520 2897 583 2961 iam
604 2897 881 2983 Furtvvaenglerus
903 2920 970 2962 eam
995 2899 1183 2964 sententiam
1203 2898 1325 2963 irritam
1348 2920 1417 2962 esse

198 2997 471 3063 demonstraverat
492 2999 527 3080 (l.
544 3000 563 3065 l.
580 3024 610 3087 p.
628 3000 694 3082 39),
718 3011 749 3065 et
770 2998 841 3086 quis
868 3009 917 3065 est
943 3001 1019 3086 quin
1047 2999 1127 3064 sciat
1148 3000 1213 3064 iam
1235 2999 1276 3063 ab
1300 2998 1416 3064 ultimis

197 3100 316 3164 liberae
342 3099 388 3164 rei
414 3100 561 3186 publicae
586 3101 783 3187 temporibus
811 3122 916 3165 earum
947 3123 1027 3186 quac
1050 3101 1090 3165 ad
1114 3110 1199 3166 artes
1222 3101 1416 3186 artificisque

197 3202 356 3295 pertinent
377 3224 482 3265 rerum
508 3203 666 3268 vocabula
688 3203 823 3283 Graeca,
851 3225 931 3288 quae
958 3225 1031 3267 cum
1055 3205 1131 3289 ipsis
1158 3202 1253 3266 rebus
1279 3202 1416 3266 Romam

198 3313 359 3383 venerant,
392 3303 599 3369 usitatissima
631 3305 739 3369 fuisse.
794 3305 907 3369 Nonne
931 3303 1016 3391 apud
1039 3302 1226 3370 Ciceronem
1248 3303 1279 3367 in
1303 3314 1415 3391 quarto

200 3401 404 3468 Verrinarum
435 3405 517 3470 libro
551 3405 705 3470 eiusmodi
734 3406 889 3471 voeabula
917 3406 1028 3470 crebro
1055 3405 1259 3470 inveniuntur
1280 3407 1416 3492 exempli

197 3505 302 3590 gratia
324 3505 540 3591 ,canephoroe’
563 3506 637 3571 illae
658 3506 831 3572 afferantur
857 3506 945 3572 Verri
969 3506 1112 3572 obiectae
1136 3505 1208 3587 (IV,
1232 3507 1260 3572 3.
1284 3508 1329 3588 5),
1352 3529 1415 3570 non

197 3604 283 3692 apud
304 3605 451 3688 Plinium,
474 3608 569 3694 idque
591 3609 638 3674 eis
659 3609 737 3674 locis
759 3610 813 3695 qui
836 3619 919 3673 certe
941 3608 1084 3673 Romano
1111 3608 1233 3672 auctori
1260 3607 1416 3672 debentur

266 3809 292 3873 1)
311 3810 357 3863 Die
368 3810 544 3864 lunsturtcile
557 3811 598 3864 bei
610 3811 721 3864 Plinius.
752 3810 884 3876 (Berichts
896 3811 942 3864 der
954 3811 1040 3865 sicha
1053 3809 1228 3864 Gesellschalt
1239 3809 1285 3862 der
1300 3809 1415 3862 Wisscn-

195 3895 324 3950 sehalteu.
359 3895 427 3950 1850
444 3913 469 3966 p.
489 3895 539 3950 118
548 3912 586 3966 sq.

264 3980 292 4049 2)
312 3981 356 4049 qui
375 3998 446 4034 error
464 3983 503 4034 vel
522 3983 584 4035 indo
602 3981 768 4052 intelligitur,
787 3983 856 4051 quod
868 3982 991 4036 Studium
1004 3982 1054 4050 (vel
1066 3981 1190 4049 Ludium)
1209 3979 1343 4050 quendam
1361 3980 1414 4032 divi

196 4067 313 4135 Augusti
339 4070 424 4119 aetate
453 4068 551 4120 nobiles
578 4068 691 4132 palustri
717 4082 823 4120 secessu
851 4069 926 4121 villas
953 4067 981 4120 in
1004 4067 1148 4135 parietibus
1171 4059 1289 4134 pinxisse
1312 4063 1416 4117 Plinius

196 4155 285 4203 narrat
303 4148 355 4216 (35,
374 4149 442 4213 116).

264 4235 290 4300 3)
309 4235 441 4289 Thoonem
460 4235 555 4290 Theori
573 4236 765 4291 deminutivum
783 4254 839 4292 esse
856 4238 985 4292 Robertus
1004 4239 1127 4306 coguovit
1144 4237 1202 4300 (1.1.
1220 4252 1246 4304 p.
1259 4237 1293 4292 ‘15
1312 4252 1338 4292 n.
1351 4235 1386 4301 1).
