<?xml version="1.0" encoding="UTF-8"?>
<!DOCTYPE html PUBLIC "-//W3C//DTD XHTML 1.0 Transitional//EN"
    "http://www.w3.org/TR/xhtml1/DTD/xhtml1-transitional.dtd">
<html xmlns="http://www.w3.org/1999/xhtml" xml:lang="en" lang="en">
 <head>
  <title>
</title>
<meta http-equiv="Content-Type" content="text/html;charset=utf-8" />
  <meta name='ocr-system' content='tesseract 3.04.00' />
  <meta name='ocr-capabilities' content='ocr_page ocr_carea ocr_par ocr_line ocrx_word'/>
</head>
<body>
  <div class='ocr_page' id='page_1' title='image "./defontibusearum00voiggoog_0011.png"; bbox 0 0 3232 4822; ppageno 0'>
   <div class='ocr_carea' id='block_1_1' title="bbox 831 307 850 368">
    <p class='ocr_par' dir='ltr' id='par_1_1' title="bbox 831 307 850 368">
     <span class='ocr_line' id='line_1_1' title="bbox 831 307 850 368; baseline 0 0"><span class='ocrx_word' id='word_1_1' title='bbox 831 307 850 368; x_wconf 91' lang='grc'><strong>6</strong></span> 
     </span>
    </p>
   </div>
   <div class='ocr_carea' id='block_1_2' title="bbox 230 469 1462 3799">
    <p class='ocr_par' dir='ltr' id='par_1_2' title="bbox 230 469 1457 1570">
     <span class='ocr_line' id='line_1_2' title="bbox 230 469 1456 554; baseline -0.004 -16"><span class='ocrx_word' id='word_1_2' title='bbox 230 473 382 539; x_wconf 85' lang='lat' dir='ltr'>fundendi</span> <span class='ocrx_word' id='word_1_3' title='bbox 416 473 573 538; x_wconf 83' lang='lat' dir='ltr'>invenisse</span> <span class='ocrx_word' id='word_1_4' title='bbox 607 473 783 539; x_wconf 81' lang='lat' dir='ltr'>Pausanias</span> <span class='ocrx_word' id='word_1_5' title='bbox 818 485 929 539; x_wconf 84' lang='lat' dir='ltr'>auctor</span> <span class='ocrx_word' id='word_1_6' title='bbox 962 481 1010 535; x_wconf 91' lang='lat' dir='ltr'>est</span> <span class='ocrx_word' id='word_1_7' title='bbox 1043 469 1123 554; x_wconf 90' lang='lat' dir='ltr'>(III,</span> <span class='ocrx_word' id='word_1_8' title='bbox 1149 473 1196 534; x_wconf 76' lang='lat'>12.</span> <span class='ocrx_word' id='word_1_9' title='bbox 1223 470 1296 552; x_wconf 87' lang='grc'>10),</span> <span class='ocrx_word' id='word_1_10' title='bbox 1333 469 1456 534; x_wconf 88' lang='lat' dir='ltr'>Plinius</span> 
     </span>
     <span class='ocr_line' id='line_1_3' title="bbox 231 571 1455 662; baseline -0.005 -22"><span class='ocrx_word' id='word_1_11' title='bbox 231 575 379 662; x_wconf 78' lang='lat' dir='ltr'>plastices</span> <span class='ocrx_word' id='word_1_12' title='bbox 394 575 577 639; x_wconf 82' lang='lat' dir='ltr'>inventores</span> <span class='ocrx_word' id='word_1_13' title='bbox 593 576 735 640; x_wconf 90' lang='lat' dir='ltr'>nominat</span> <span class='ocrx_word' id='word_1_14' title='bbox 749 576 817 658; x_wconf 83' lang='lat'>(35,</span> <span class='ocrx_word' id='word_1_15' title='bbox 836 575 922 657; x_wconf 77' lang='lat'>152).</span> <span class='ocrx_word' id='word_1_16' title='bbox 958 573 1055 637; x_wconf 89' lang='lat' dir='ltr'>Libro</span> <span class='ocrx_word' id='word_1_17' title='bbox 1070 571 1209 652; x_wconf 83' lang='lat' dir='ltr'>XXXV,</span> <span class='ocrx_word' id='word_1_18' title='bbox 1224 573 1257 635; x_wconf 93' lang='lat' dir='ltr'>in</span> <span class='ocrx_word' id='word_1_19' title='bbox 1272 572 1455 636; x_wconf 87' lang='lat' dir='ltr'>inlustrium</span> 
     </span>
     <span class='ocr_line' id='line_1_4' title="bbox 230 672 1456 762; baseline -0.003 -22"><span class='ocrx_word' id='word_1_20' title='bbox 230 678 396 762; x_wconf 89' lang='lat' dir='ltr'>pictorum,</span> <span class='ocrx_word' id='word_1_21' title='bbox 425 698 505 761; x_wconf 94' lang='lat' dir='ltr'>quos</span> <span class='ocrx_word' id='word_1_22' title='bbox 532 677 705 762; x_wconf 88' lang='lat' dir='ltr'>permultos</span> <span class='ocrx_word' id='word_1_23' title='bbox 730 679 828 758; x_wconf 84' lang='lat' dir='ltr'>affert,</span> <span class='ocrx_word' id='word_1_24' title='bbox 857 676 940 758; x_wconf 90' lang='lat' dir='ltr'>vitis,</span> <span class='ocrx_word' id='word_1_25' title='bbox 970 683 1049 756; x_wconf 87' lang='lat' dir='ltr'>arte,</span> <span class='ocrx_word' id='word_1_26' title='bbox 1078 673 1218 737; x_wconf 87' lang='lat' dir='ltr'>moribus</span> <span class='ocrx_word' id='word_1_27' title='bbox 1247 674 1373 759; x_wconf 86' lang='lat' dir='ltr'>copiose</span> <span class='ocrx_word' id='word_1_28' title='bbox 1400 672 1456 736; x_wconf 89' lang='lat' dir='ltr'>de-</span> 
     </span>
     <span class='ocr_line' id='line_1_5' title="bbox 232 775 1456 863; baseline -0.004 -21"><span class='ocrx_word' id='word_1_29' title='bbox 232 776 406 842; x_wconf 88' lang='lat' dir='ltr'>scribendis</span> <span class='ocrx_word' id='word_1_30' title='bbox 430 777 485 841; x_wconf 90' lang='lat' dir='ltr'>diu</span> <span class='ocrx_word' id='word_1_31' title='bbox 506 800 684 863; x_wconf 88' lang='lat' dir='ltr'>magnaque</span> <span class='ocrx_word' id='word_1_32' title='bbox 711 801 782 843; x_wconf 92' lang='lat' dir='ltr'>oum</span> <span class='ocrx_word' id='word_1_33' title='bbox 804 779 899 843; x_wconf 89' lang='lat' dir='ltr'>animi</span> <span class='ocrx_word' id='word_1_34' title='bbox 924 775 1133 842; x_wconf 84' lang='lat' dir='ltr'>delectatione</span> <span class='ocrx_word' id='word_1_35' title='bbox 1156 784 1310 854; x_wconf 84' lang='lat' dir='ltr'>versatur,</span> <span class='ocrx_word' id='word_1_36' title='bbox 1333 784 1456 860; x_wconf 91' lang='lat' dir='ltr'>tempo-</span> 
     </span>
     <span class='ocr_line' id='line_1_6' title="bbox 231 875 1455 964; baseline -0.005 -21"><span class='ocrx_word' id='word_1_37' title='bbox 231 880 318 944; x_wconf 84' lang='lat' dir='ltr'>ribus</span> <span class='ocrx_word' id='word_1_38' title='bbox 345 879 440 943; x_wconf 90' lang='lat' dir='ltr'>etiam</span> <span class='ocrx_word' id='word_1_39' title='bbox 468 879 551 964; x_wconf 89' lang='lat' dir='ltr'>apud</span> <span class='ocrx_word' id='word_1_40' title='bbox 578 880 720 963; x_wconf 89' lang='lat' dir='ltr'>singulos</span> <span class='ocrx_word' id='word_1_41' title='bbox 748 881 886 945; x_wconf 89' lang='lat' dir='ltr'>artifices</span> <span class='ocrx_word' id='word_1_42' title='bbox 914 878 1047 959; x_wconf 92' lang='lat' dir='ltr'>additis,</span> <span class='ocrx_word' id='word_1_43' title='bbox 1076 900 1139 962; x_wconf 89' lang='lat' dir='ltr'>qua</span> <span class='ocrx_word' id='word_1_44' title='bbox 1164 901 1199 941; x_wconf 89' lang='grc'>11</span> <span class='ocrx_word' id='word_1_45' title='bbox 1225 877 1271 955; x_wconf 89' lang='lat' dir='ltr'>fit,</span> <span class='ocrx_word' id='word_1_46' title='bbox 1298 887 1334 939; x_wconf 92' lang='grc'>11</span> <span class='ocrx_word' id='word_1_47' title='bbox 1356 875 1455 939; x_wconf 89' lang='lat' dir='ltr'>oratio</span> 
     </span>
     <span class='ocr_line' id='line_1_7' title="bbox 232 976 1457 1066; baseline -0.003 -22"><span class='ocrx_word' id='word_1_48' title='bbox 232 980 406 1064; x_wconf 85' lang='lat' dir='ltr'>elegantior</span> <span class='ocrx_word' id='word_1_49' title='bbox 432 982 592 1065; x_wconf 85' lang='lat' dir='ltr'>magisque</span> <span class='ocrx_word' id='word_1_50' title='bbox 620 982 777 1056; x_wconf 85' lang='lat' dir='ltr'>continua,</span> <span class='ocrx_word' id='word_1_51' title='bbox 807 990 874 1046; x_wconf 91' lang='lat' dir='ltr'>tota</span> <span class='ocrx_word' id='word_1_52' title='bbox 901 981 1035 1066; x_wconf 88' lang='lat' dir='ltr'>denique</span> <span class='ocrx_word' id='word_1_53' title='bbox 1063 978 1249 1065; x_wconf 90' lang='lat' dir='ltr'>compositio</span> <span class='ocrx_word' id='word_1_54' title='bbox 1273 976 1457 1041; x_wconf 90' lang='lat' dir='ltr'>concinnior</span> 
     </span>
     <span class='ocr_line' id='line_1_8' title="bbox 232 1079 1455 1167; baseline -0.002 -22"><span class='ocrx_word' id='word_1_55' title='bbox 232 1092 264 1145; x_wconf 92' lang='lat' dir='ltr'>et</span> <span class='ocrx_word' id='word_1_56' title='bbox 285 1080 481 1167; x_wconf 86' lang='lat' dir='ltr'>aequabilior</span> <span class='ocrx_word' id='word_1_57' title='bbox 508 1081 666 1164; x_wconf 84' lang='lat' dir='ltr'>videatur3</span> <span class='ocrx_word' id='word_1_58' title='bbox 701 1092 811 1147; x_wconf 90' lang='lat' dir='ltr'>contra</span> <span class='ocrx_word' id='word_1_59' title='bbox 838 1084 871 1146; x_wconf 95' lang='lat' dir='ltr'>in</span> <span class='ocrx_word' id='word_1_60' title='bbox 898 1083 980 1147; x_wconf 89' lang='lat' dir='ltr'>libro</span> <span class='ocrx_word' id='word_1_61' title='bbox 1003 1080 1148 1145; x_wconf 87' lang='lat' dir='ltr'>XXXIV</span> <span class='ocrx_word' id='word_1_62' title='bbox 1173 1079 1279 1144; x_wconf 93' lang='lat' dir='ltr'>omnia</span> <span class='ocrx_word' id='word_1_63' title='bbox 1302 1079 1455 1164; x_wconf 84' lang='lat' dir='ltr'>permixte</span> 
     </span>
     <span class='ocr_line' id='line_1_9' title="bbox 232 1180 1457 1269; baseline -0.002 -24"><span class='ocrx_word' id='word_1_64' title='bbox 232 1182 334 1266; x_wconf 89' lang='lat' dir='ltr'>magis</span> <span class='ocrx_word' id='word_1_65' title='bbox 357 1191 389 1245; x_wconf 92' lang='lat' dir='ltr'>et</span> <span class='ocrx_word' id='word_1_66' title='bbox 411 1180 553 1266; x_wconf 88' lang='lat' dir='ltr'>disperse</span> <span class='ocrx_word' id='word_1_67' title='bbox 575 1193 758 1265; x_wconf 87' lang='lat' dir='ltr'>tractantur,</span> <span class='ocrx_word' id='word_1_68' title='bbox 784 1194 904 1269; x_wconf 90' lang='lat' dir='ltr'>septem</span> <span class='ocrx_word' id='word_1_69' title='bbox 928 1192 1053 1248; x_wconf 87' lang='lat' dir='ltr'>tantum</span> <span class='ocrx_word' id='word_1_70' title='bbox 1075 1183 1210 1246; x_wconf 88' lang='lat' dir='ltr'>artifices</span> <span class='ocrx_word' id='word_1_71' title='bbox 1233 1181 1264 1243; x_wconf 92' lang='lat' dir='ltr'>in</span> <span class='ocrx_word' id='word_1_72' title='bbox 1289 1201 1457 1243; x_wconf 91' lang='lat' dir='ltr'>numerum</span> 
     </span>
     <span class='ocr_line' id='line_1_10' title="bbox 233 1281 1454 1369; baseline -0.003 -23"><span class='ocrx_word' id='word_1_73' title='bbox 233 1283 458 1347; x_wconf 88' lang='lat' dir='ltr'>statuariorum</span> <span class='ocrx_word' id='word_1_74' title='bbox 494 1284 666 1369; x_wconf 89' lang='lat' dir='ltr'>insignium</span> <span class='ocrx_word' id='word_1_75' title='bbox 699 1285 891 1365; x_wconf 88' lang='lat' dir='ltr'>referuntur,</span> <span class='ocrx_word' id='word_1_76' title='bbox 928 1285 1024 1349; x_wconf 87' lang='lat' dir='ltr'>ceteri</span> <span class='ocrx_word' id='word_1_77' title='bbox 1061 1306 1170 1347; x_wconf 89' lang='lat' dir='ltr'>omnes</span> <span class='ocrx_word' id='word_1_78' title='bbox 1203 1305 1260 1368; x_wconf 92' lang='lat' dir='ltr'>per</span> <span class='ocrx_word' id='word_1_79' title='bbox 1293 1281 1454 1345; x_wconf 90' lang='lat' dir='ltr'>literarum</span> 
     </span>
     <span class='ocr_line' id='line_1_11' title="bbox 233 1381 1456 1472; baseline -0.002 -26"><span class='ocrx_word' id='word_1_80' title='bbox 233 1382 374 1447; x_wconf 84' lang='lat' dir='ltr'>ordinem</span> <span class='ocrx_word' id='word_1_81' title='bbox 395 1383 494 1449; x_wconf 85' lang='lat' dir='ltr'>variis</span> <span class='ocrx_word' id='word_1_82' title='bbox 509 1385 666 1452; x_wconf 92' lang='lat' dir='ltr'>indicibus</span> <span class='ocrx_word' id='word_1_83' title='bbox 683 1386 901 1472; x_wconf 88' lang='lat' dir='ltr'>disponuntur,</span> <span class='ocrx_word' id='word_1_84' title='bbox 919 1400 1096 1472; x_wconf 87' lang='lat' dir='ltr'>temporum</span> <span class='ocrx_word' id='word_1_85' title='bbox 1112 1384 1304 1469; x_wconf 89' lang='lat' dir='ltr'>computatio</span> <span class='ocrx_word' id='word_1_86' title='bbox 1321 1381 1456 1446; x_wconf 90' lang='lat' dir='ltr'>orationi</span> 
     </span>
     <span class='ocr_line' id='line_1_12' title="bbox 233 1485 454 1570; baseline 0.009 -22"><span class='ocrx_word' id='word_1_87' title='bbox 233 1485 454 1570; x_wconf 88' lang='lat' dir='ltr'>praemittitur.</span> 
     </span>
    </p>

    <p class='ocr_par' dir='ltr' id='par_1_3' title="bbox 234 1587 1461 3088">
     <span class='ocr_line' id='line_1_13' title="bbox 317 1587 1457 1673; baseline -0.003 -23"><span class='ocrx_word' id='word_1_88' title='bbox 317 1587 387 1650; x_wconf 92' lang='lat' dir='ltr'>Iam</span> <span class='ocrx_word' id='word_1_89' title='bbox 421 1611 494 1653; x_wconf 92' lang='lat' dir='ltr'>oum</span> <span class='ocrx_word' id='word_1_90' title='bbox 520 1588 813 1673; x_wconf 88' lang='lat' dir='ltr'>Furtwaenglerum</span> <span class='ocrx_word' id='word_1_91' title='bbox 840 1603 871 1655; x_wconf 95' lang='lat' dir='ltr'>et</span> <span class='ocrx_word' id='word_1_92' title='bbox 899 1589 1179 1668; x_wconf 91' lang='lat' dir='ltr'>Oehmiohenium,</span> <span class='ocrx_word' id='word_1_93' title='bbox 1214 1587 1303 1651; x_wconf 90' lang='lat' dir='ltr'>illum</span> <span class='ocrx_word' id='word_1_94' title='bbox 1336 1587 1369 1649; x_wconf 92' lang='lat' dir='ltr'>in</span> <span class='ocrx_word' id='word_1_95' title='bbox 1403 1606 1457 1648; x_wconf 88' lang='lat' dir='ltr'>eas</span> 
     </span>
     <span class='ocr_line' id='line_1_14' title="bbox 234 1688 1455 1776; baseline -0.002 -24"><span class='ocrx_word' id='word_1_96' title='bbox 234 1711 314 1773; x_wconf 89' lang='lat' dir='ltr'>quae</span> <span class='ocrx_word' id='word_1_97' title='bbox 347 1688 387 1752; x_wconf 90' lang='lat' dir='ltr'>ad</span> <span class='ocrx_word' id='word_1_98' title='bbox 422 1711 487 1753; x_wconf 90' lang='lat' dir='ltr'>rem</span> <span class='ocrx_word' id='word_1_99' title='bbox 520 1691 670 1755; x_wconf 89' lang='lat' dir='ltr'>rusticam</span> <span class='ocrx_word' id='word_1_100' title='bbox 704 1692 863 1776; x_wconf 88' lang='lat' dir='ltr'>pertinent</span> <span class='ocrx_word' id='word_1_101' title='bbox 892 1693 965 1756; x_wconf 89' lang='lat' dir='ltr'>Nat.</span> <span class='ocrx_word' id='word_1_102' title='bbox 996 1691 1069 1755; x_wconf 91' lang='lat' dir='ltr'>hist.</span> <span class='ocrx_word' id='word_1_103' title='bbox 1098 1702 1205 1776; x_wconf 91' lang='lat' dir='ltr'>partes</span> <span class='ocrx_word' id='word_1_104' title='bbox 1234 1688 1455 1773; x_wconf 83' lang='lat' dir='ltr'>inquirentem,</span> 
     </span>
     <span class='ocr_line' id='line_1_15' title="bbox 234 1788 1455 1878; baseline -0.002 -26"><span class='ocrx_word' id='word_1_105' title='bbox 234 1788 318 1854; x_wconf 92' lang='lat' dir='ltr'>huno</span> <span class='ocrx_word' id='word_1_106' title='bbox 349 1791 466 1876; x_wconf 93' lang='lat' dir='ltr'>quibus</span> <span class='ocrx_word' id='word_1_107' title='bbox 498 1813 549 1855; x_wconf 90' lang='lat' dir='ltr'>res</span> <span class='ocrx_word' id='word_1_108' title='bbox 581 1793 811 1878; x_wconf 83' lang='lat' dir='ltr'>geographicae</span> <span class='ocrx_word' id='word_1_109' title='bbox 844 1794 1047 1858; x_wconf 90' lang='lat' dir='ltr'>continentur</span> <span class='ocrx_word' id='word_1_110' title='bbox 1076 1793 1174 1856; x_wconf 89' lang='lat' dir='ltr'>libros</span> <span class='ocrx_word' id='word_1_111' title='bbox 1202 1790 1455 1876; x_wconf 89' lang='lat' dir='ltr'>perlustrantem,</span> 
     </span>
     <span class='ocr_line' id='line_1_16' title="bbox 235 1891 1456 1980; baseline -0.002 -27"><span class='ocrx_word' id='word_1_112' title='bbox 235 1913 298 1975; x_wconf 90' lang='lat' dir='ltr'>qua</span> <span class='ocrx_word' id='word_1_113' title='bbox 324 1891 445 1957; x_wconf 87' lang='lat' dir='ltr'>ratione</span> <span class='ocrx_word' id='word_1_114' title='bbox 471 1891 594 1957; x_wconf 89' lang='lat' dir='ltr'>Plinius</span> <span class='ocrx_word' id='word_1_115' title='bbox 622 1893 655 1956; x_wconf 92' lang='lat' dir='ltr'>in</span> <span class='ocrx_word' id='word_1_116' title='bbox 684 1894 891 1980; x_wconf 88' lang='lat' dir='ltr'>excerpendis</span> <span class='ocrx_word' id='word_1_117' title='bbox 920 1894 1103 1959; x_wconf 90' lang='lat' dir='ltr'>auctoribus</span> <span class='ocrx_word' id='word_1_118' title='bbox 1133 1915 1209 1957; x_wconf 91' lang='lat' dir='ltr'>usus</span> <span class='ocrx_word' id='word_1_119' title='bbox 1236 1900 1333 1971; x_wconf 89' lang='lat' dir='ltr'>esset,</span> <span class='ocrx_word' id='word_1_120' title='bbox 1363 1911 1456 1976; x_wconf 88' lang='lat' dir='ltr'>quam</span> 
     </span>
     <span class='ocr_line' id='line_1_17' title="bbox 235 1991 1458 2078; baseline -0.002 -22"><span class='ocrx_word' id='word_1_121' title='bbox 235 1991 322 2056; x_wconf 86' lang='lat' dir='ltr'>varie</span> <span class='ocrx_word' id='word_1_122' title='bbox 343 1991 528 2071; x_wconf 89' lang='lat' dir='ltr'>iudicarent,</span> <span class='ocrx_word' id='word_1_123' title='bbox 557 2015 653 2078; x_wconf 91' lang='lat' dir='ltr'>supra</span> <span class='ocrx_word' id='word_1_124' title='bbox 675 1994 720 2078; x_wconf 91' lang='lat' dir='ltr'>(p.</span> <span class='ocrx_word' id='word_1_125' title='bbox 744 1995 779 2076; x_wconf 85' lang='lat'>4)</span> <span class='ocrx_word' id='word_1_126' title='bbox 807 1994 997 2075; x_wconf 84' lang='lat' dir='ltr'>viderimus,</span> <span class='ocrx_word' id='word_1_127' title='bbox 1024 1994 1173 2058; x_wconf 81' lang='lat' dir='ltr'>facillime</span> <span class='ocrx_word' id='word_1_128' title='bbox 1201 1994 1258 2057; x_wconf 91' lang='lat' dir='ltr'>illa</span> <span class='ocrx_word' id='word_1_129' title='bbox 1286 1991 1458 2056; x_wconf 86' lang='lat' dir='ltr'>difficultas</span> 
     </span>
     <span class='ocr_line' id='line_1_18' title="bbox 236 2093 1459 2176; baseline -0.002 -18"><span class='ocrx_word' id='word_1_130' title='bbox 236 2116 307 2158; x_wconf 93' lang='lat' dir='ltr'>eum</span> <span class='ocrx_word' id='word_1_131' title='bbox 337 2093 369 2155; x_wconf 92' lang='grc'>11</span> <span class='ocrx_word' id='word_1_132' title='bbox 401 2093 528 2157; x_wconf 91' lang='lat' dir='ltr'>modum</span> <span class='ocrx_word' id='word_1_133' title='bbox 557 2094 636 2158; x_wconf 86' lang='lat' dir='ltr'>solvi</span> <span class='ocrx_word' id='word_1_134' title='bbox 663 2093 799 2176; x_wconf 79' lang='lat' dir='ltr'>videtur,</span> <span class='ocrx_word' id='word_1_135' title='bbox 826 2106 862 2160; x_wconf 92' lang='lat' dir='ltr'>ut</span> <span class='ocrx_word' id='word_1_136' title='bbox 887 2096 1025 2160; x_wconf 91' lang='lat' dir='ltr'>Plinium</span> <span class='ocrx_word' id='word_1_137' title='bbox 1052 2119 1116 2159; x_wconf 92' lang='lat' dir='ltr'>non</span> <span class='ocrx_word' id='word_1_138' title='bbox 1147 2095 1294 2158; x_wconf 90' lang='lat' dir='ltr'>omnibus</span> <span class='ocrx_word' id='word_1_139' title='bbox 1322 2093 1405 2158; x_wconf 92' lang='lat' dir='ltr'>vasti</span> <span class='ocrx_word' id='word_1_140' title='bbox 1427 2100 1459 2156; x_wconf 91' lang='lat' dir='ltr'>et</span> 
     </span>
     <span class='ocr_line' id='line_1_19' title="bbox 237 2192 1457 2281; baseline -0.001 -25"><span class='ocrx_word' id='word_1_141' title='bbox 237 2193 343 2258; x_wconf 87' lang='lat' dir='ltr'>diffusi</span> <span class='ocrx_word' id='word_1_142' title='bbox 364 2194 447 2258; x_wconf 93' lang='lat' dir='ltr'>illius</span> <span class='ocrx_word' id='word_1_143' title='bbox 471 2196 573 2281; x_wconf 91' lang='lat' dir='ltr'>operis</span> <span class='ocrx_word' id='word_1_144' title='bbox 596 2195 739 2280; x_wconf 88' lang='lat' dir='ltr'>partibus</span> <span class='ocrx_word' id='word_1_145' title='bbox 768 2196 880 2262; x_wconf 89' lang='lat' dir='ltr'>eadem</span> <span class='ocrx_word' id='word_1_146' title='bbox 910 2197 1033 2262; x_wconf 89' lang='lat' dir='ltr'>ratione</span> <span class='ocrx_word' id='word_1_147' title='bbox 1056 2198 1158 2281; x_wconf 84' lang='lat' dir='ltr'>egisse</span> <span class='ocrx_word' id='word_1_148' title='bbox 1181 2204 1365 2274; x_wconf 70' lang='lat' dir='ltr'>statuamus</span> <span class='ocrx_word' id='word_1_149' title='bbox 1391 2192 1457 2274; x_wconf 91' lang='lat' dir='ltr'>sed,</span> 
     </span>
     <span class='ocr_line' id='line_1_20' title="bbox 237 2295 1457 2383; baseline -0.004 -23"><span class='ocrx_word' id='word_1_150' title='bbox 237 2296 319 2360; x_wconf 91' lang='lat' dir='ltr'>sicut</span> <span class='ocrx_word' id='word_1_151' title='bbox 344 2295 475 2360; x_wconf 86' lang='lat' dir='ltr'>fontium</span> <span class='ocrx_word' id='word_1_152' title='bbox 504 2296 643 2361; x_wconf 90' lang='lat' dir='ltr'>conditio</span> <span class='ocrx_word' id='word_1_153' title='bbox 673 2297 722 2362; x_wconf 88' lang='lat' dir='ltr'>vel</span> <span class='ocrx_word' id='word_1_154' title='bbox 750 2299 855 2383; x_wconf 90' lang='lat' dir='ltr'>operis</span> <span class='ocrx_word' id='word_1_155' title='bbox 883 2301 1063 2364; x_wconf 90' lang='lat' dir='ltr'>institutum</span> <span class='ocrx_word' id='word_1_156' title='bbox 1090 2299 1223 2378; x_wconf 88' lang='lat' dir='ltr'>ferebat,</span> <span class='ocrx_word' id='word_1_157' title='bbox 1246 2295 1341 2361; x_wconf 90' lang='lat' dir='ltr'>modo</span> <span class='ocrx_word' id='word_1_158' title='bbox 1364 2295 1457 2357; x_wconf 92' lang='lat' dir='ltr'>unius</span> 
     </span>
     <span class='ocr_line' id='line_1_21' title="bbox 237 2396 1459 2486; baseline -0.002 -26"><span class='ocrx_word' id='word_1_159' title='bbox 237 2396 397 2481; x_wconf 79' lang='lat' dir='ltr'>scriptoris</span> <span class='ocrx_word' id='word_1_160' title='bbox 427 2397 563 2481; x_wconf 87' lang='lat' dir='ltr'>vestigia</span> <span class='ocrx_word' id='word_1_161' title='bbox 593 2399 724 2482; x_wconf 82' lang='lat' dir='ltr'>legisse,</span> <span class='ocrx_word' id='word_1_162' title='bbox 755 2400 851 2465; x_wconf 93' lang='lat' dir='ltr'>modo</span> <span class='ocrx_word' id='word_1_163' title='bbox 881 2401 1058 2486; x_wconf 90' lang='lat' dir='ltr'>complures</span> <span class='ocrx_word' id='word_1_164' title='bbox 1084 2400 1187 2463; x_wconf 82' lang='lat' dir='ltr'>fontes</span> <span class='ocrx_word' id='word_1_165' title='bbox 1214 2400 1296 2462; x_wconf 91' lang='lat' dir='ltr'>inter</span> <span class='ocrx_word' id='word_1_166' title='bbox 1323 2419 1356 2460; x_wconf 92' lang='lat' dir='ltr'>se</span> <span class='ocrx_word' id='word_1_167' title='bbox 1383 2417 1459 2459; x_wconf 92' lang='lat' dir='ltr'>con-</span> 
     </span>
     <span class='ocr_line' id='line_1_22' title="bbox 237 2497 1458 2588; baseline 0.001 -29"><span class='ocrx_word' id='word_1_168' title='bbox 237 2497 384 2577; x_wconf 88' lang='lat' dir='ltr'>texuisse,</span> <span class='ocrx_word' id='word_1_169' title='bbox 411 2497 504 2561; x_wconf 92' lang='lat' dir='ltr'>modo</span> <span class='ocrx_word' id='word_1_170' title='bbox 532 2522 571 2564; x_wconf 88' lang='lat' dir='ltr'>ex</span> <span class='ocrx_word' id='word_1_171' title='bbox 597 2500 730 2584; x_wconf 90' lang='lat' dir='ltr'>singulis</span> <span class='ocrx_word' id='word_1_172' title='bbox 757 2503 914 2588; x_wconf 87' lang='lat' dir='ltr'>excerptis</span> <span class='ocrx_word' id='word_1_173' title='bbox 942 2502 1116 2566; x_wconf 89' lang='lat' dir='ltr'>orationem</span> <span class='ocrx_word' id='word_1_174' title='bbox 1145 2498 1342 2584; x_wconf 86' lang='lat' dir='ltr'>congessisse</span> <span class='ocrx_word' id='word_1_175' title='bbox 1371 2497 1458 2561; x_wconf 89' lang='lat' dir='ltr'>coni-</span> 
     </span>
     <span class='ocr_line' id='line_1_23' title="bbox 237 2598 1457 2689; baseline -0.003 -25"><span class='ocrx_word' id='word_1_176' title='bbox 237 2600 367 2664; x_wconf 86' lang='lat' dir='ltr'>ciamus.</span> <span class='ocrx_word' id='word_1_177' title='bbox 422 2600 471 2664; x_wconf 91' lang='lat' dir='ltr'>Ne</span> <span class='ocrx_word' id='word_1_178' title='bbox 501 2601 532 2664; x_wconf 91' lang='lat' dir='ltr'>in</span> <span class='ocrx_word' id='word_1_179' title='bbox 558 2601 649 2666; x_wconf 89' lang='lat' dir='ltr'>libris</span> <span class='ocrx_word' id='word_1_180' title='bbox 675 2601 824 2668; x_wconf 88' lang='lat' dir='ltr'>XXXIV</span> <span class='ocrx_word' id='word_1_181' title='bbox 852 2615 884 2668; x_wconf 90' lang='lat' dir='ltr'>et</span> <span class='ocrx_word' id='word_1_182' title='bbox 909 2601 1038 2667; x_wconf 91' lang='lat' dir='ltr'>XXXV</span> <span class='ocrx_word' id='word_1_183' title='bbox 1070 2602 1200 2689; x_wconf 89' lang='lat' dir='ltr'>quidem</span> <span class='ocrx_word' id='word_1_184' title='bbox 1231 2598 1457 2685; x_wconf 90' lang='lat' dir='ltr'>componendis</span> 
     </span>
     <span class='ocr_line' id='line_1_24' title="bbox 237 2698 1459 2787; baseline -0.001 -23"><span class='ocrx_word' id='word_1_185' title='bbox 237 2724 301 2765; x_wconf 90' lang='lat' dir='ltr'>una</span> <span class='ocrx_word' id='word_1_186' title='bbox 323 2701 496 2787; x_wconf 88' lang='lat' dir='ltr'>eademque</span> <span class='ocrx_word' id='word_1_187' title='bbox 517 2703 640 2766; x_wconf 91' lang='lat' dir='ltr'>ratione</span> <span class='ocrx_word' id='word_1_188' title='bbox 662 2728 731 2767; x_wconf 91' lang='lat' dir='ltr'>eum</span> <span class='ocrx_word' id='word_1_189' title='bbox 757 2714 920 2771; x_wconf 89' lang='lat' dir='ltr'>versatum</span> <span class='ocrx_word' id='word_1_190' title='bbox 940 2727 1009 2770; x_wconf 91' lang='lat' dir='ltr'>esse</span> <span class='ocrx_word' id='word_1_191' title='bbox 1024 2704 1117 2769; x_wconf 93' lang='lat' dir='ltr'>modo</span> <span class='ocrx_word' id='word_1_192' title='bbox 1133 2703 1320 2768; x_wconf 89' lang='lat' dir='ltr'>videramus.</span> <span class='ocrx_word' id='word_1_193' title='bbox 1362 2698 1459 2765; x_wconf 80' lang='lat' dir='ltr'>Certe</span> 
     </span>
     <span class='ocr_line' id='line_1_25' title="bbox 237 2801 1456 2891; baseline -0.002 -26"><span class='ocrx_word' id='word_1_194' title='bbox 237 2803 277 2865; x_wconf 89' lang='lat' dir='ltr'>ad</span> <span class='ocrx_word' id='word_1_195' title='bbox 293 2825 402 2866; x_wconf 92' lang='lat' dir='ltr'>eorum</span> <span class='ocrx_word' id='word_1_196' title='bbox 416 2803 593 2868; x_wconf 89' lang='lat' dir='ltr'>accedimus</span> <span class='ocrx_word' id='word_1_197' title='bbox 609 2807 811 2886; x_wconf 84' lang='lat' dir='ltr'>sententiam,</span> <span class='ocrx_word' id='word_1_198' title='bbox 829 2806 881 2891; x_wconf 91' lang='lat' dir='ltr'>qui</span> <span class='ocrx_word' id='word_1_199' title='bbox 900 2807 933 2869; x_wconf 90' lang='lat' dir='ltr'>in</span> <span class='ocrx_word' id='word_1_200' title='bbox 949 2806 1125 2891; x_wconf 89' lang='lat' dir='ltr'>pictoribus</span> <span class='ocrx_word' id='word_1_201' title='bbox 1141 2801 1324 2868; x_wconf 88' lang='lat' dir='ltr'>enarrandis</span> <span class='ocrx_word' id='word_1_202' title='bbox 1340 2824 1456 2865; x_wconf 84' lang='lat' dir='ltr'>novum</span> 
     </span>
     <span class='ocr_line' id='line_1_26' title="bbox 238 2901 1461 2992; baseline -0.001 -26"><span class='ocrx_word' id='word_1_203' title='bbox 238 2901 396 2988; x_wconf 90' lang='lat' dir='ltr'>quendam</span> <span class='ocrx_word' id='word_1_204' title='bbox 429 2915 589 2968; x_wconf 90' lang='lat' dir='ltr'>auctorem</span> <span class='ocrx_word' id='word_1_205' title='bbox 621 2907 792 2972; x_wconf 88' lang='lat' dir='ltr'>accessisse</span> <span class='ocrx_word' id='word_1_206' title='bbox 826 2915 954 2992; x_wconf 89' lang='lat' dir='ltr'>putant,</span> <span class='ocrx_word' id='word_1_207' title='bbox 987 2905 1037 2970; x_wconf 94' lang='lat' dir='ltr'>cui</span> <span class='ocrx_word' id='word_1_208' title='bbox 1070 2907 1104 2969; x_wconf 93' lang='lat' dir='ltr'>in</span> <span class='ocrx_word' id='word_1_209' title='bbox 1136 2905 1218 2969; x_wconf 88' lang='lat' dir='ltr'>libro</span> <span class='ocrx_word' id='word_1_210' title='bbox 1240 2903 1371 2968; x_wconf 92' lang='lat' dir='ltr'>XXXV</span> <span class='ocrx_word' id='word_1_211' title='bbox 1406 2912 1461 2966; x_wconf 90' lang='grc'>111</span> 
     </span>
     <span class='ocr_line' id='line_1_27' title="bbox 237 3004 735 3088; baseline 0.006 -21"><span class='ocrx_word' id='word_1_212' title='bbox 237 3004 316 3067; x_wconf 91' lang='lat' dir='ltr'>nihil</span> <span class='ocrx_word' id='word_1_213' title='bbox 338 3016 392 3068; x_wconf 92' lang='lat' dir='ltr'>aut</span> <span class='ocrx_word' id='word_1_214' title='bbox 413 3025 514 3088; x_wconf 90' lang='lat' dir='ltr'>pauca</span> <span class='ocrx_word' id='word_1_215' title='bbox 537 3004 735 3070; x_wconf 87' lang='lat' dir='ltr'>deberentur.</span> 
     </span>
    </p>

    <p class='ocr_par' dir='ltr' id='par_1_4' title="bbox 238 3105 1461 3500">
     <span class='ocr_line' id='line_1_28' title="bbox 323 3105 1459 3192; baseline 0 -22"><span class='ocrx_word' id='word_1_216' title='bbox 323 3105 414 3186; x_wconf 80' lang='lat' dir='ltr'>Quae</span> <span class='ocrx_word' id='word_1_217' title='bbox 451 3127 522 3169; x_wconf 91' lang='lat' dir='ltr'>cum</span> <span class='ocrx_word' id='word_1_218' title='bbox 559 3106 606 3171; x_wconf 91' lang='lat' dir='ltr'>ita</span> <span class='ocrx_word' id='word_1_219' title='bbox 641 3117 761 3188; x_wconf 87' lang='lat' dir='ltr'>essent,</span> <span class='ocrx_word' id='word_1_220' title='bbox 799 3131 870 3173; x_wconf 89' lang='lat' dir='ltr'>eam</span> <span class='ocrx_word' id='word_1_221' title='bbox 907 3108 1193 3174; x_wconf 90' lang='lat' dir='ltr'>commodissimam</span> <span class='ocrx_word' id='word_1_222' title='bbox 1229 3106 1459 3192; x_wconf 91' lang='lat' dir='ltr'>disquisitionis</span> 
     </span>
     <span class='ocr_line' id='line_1_29' title="bbox 238 3206 1459 3297; baseline -0.001 -26"><span class='ocrx_word' id='word_1_223' title='bbox 238 3206 392 3271; x_wconf 86' lang='lat' dir='ltr'>rationem</span> <span class='ocrx_word' id='word_1_224' title='bbox 419 3230 488 3273; x_wconf 86' lang='lat' dir='ltr'>csse</span> <span class='ocrx_word' id='word_1_225' title='bbox 516 3207 600 3289; x_wconf 89' lang='lat' dir='ltr'>duxi,</span> <span class='ocrx_word' id='word_1_226' title='bbox 630 3219 664 3273; x_wconf 94' lang='lat' dir='ltr'>ut</span> <span class='ocrx_word' id='word_1_227' title='bbox 691 3210 772 3274; x_wconf 91' lang='lat' dir='ltr'>libro</span> <span class='ocrx_word' id='word_1_228' title='bbox 795 3210 942 3275; x_wconf 91' lang='lat' dir='ltr'>XXXIV</span> <span class='ocrx_word' id='word_1_229' title='bbox 966 3212 1165 3297; x_wconf 90' lang='lat' dir='ltr'>potissimum</span> <span class='ocrx_word' id='word_1_230' title='bbox 1186 3212 1325 3276; x_wconf 90' lang='lat' dir='ltr'>animum</span> <span class='ocrx_word' id='word_1_231' title='bbox 1347 3208 1459 3274; x_wconf 88' lang='lat' dir='ltr'>adver-</span> 
     </span>
     <span class='ocr_line' id='line_1_30' title="bbox 238 3308 1461 3397; baseline 0 -25"><span class='ocrx_word' id='word_1_232' title='bbox 238 3320 348 3388; x_wconf 91' lang='lat' dir='ltr'>terem,</span> <span class='ocrx_word' id='word_1_233' title='bbox 374 3308 446 3371; x_wconf 90' lang='lat' dir='ltr'>libri</span> <span class='ocrx_word' id='word_1_234' title='bbox 475 3331 548 3374; x_wconf 87' lang='lat' dir='ltr'>vero</span> <span class='ocrx_word' id='word_1_235' title='bbox 576 3309 709 3374; x_wconf 92' lang='lat' dir='ltr'>XXXV</span> <span class='ocrx_word' id='word_1_236' title='bbox 735 3322 842 3397; x_wconf 88' lang='lat' dir='ltr'>partes</span> <span class='ocrx_word' id='word_1_237' title='bbox 865 3313 983 3377; x_wconf 88' lang='lat' dir='ltr'>similes</span> <span class='ocrx_word' id='word_1_238' title='bbox 1012 3335 1084 3376; x_wconf 91' lang='lat' dir='ltr'>cum</span> <span class='ocrx_word' id='word_1_239' title='bbox 1112 3336 1148 3379; x_wconf 89' lang='lat' dir='ltr'>eo</span> <span class='ocrx_word' id='word_1_240' title='bbox 1173 3333 1398 3396; x_wconf 89' lang='lat' dir='ltr'>compararem,</span> <span class='ocrx_word' id='word_1_241' title='bbox 1421 3332 1461 3373; x_wconf 90' lang='lat' dir='ltr'>ex</span> 
     </span>
     <span class='ocr_line' id='line_1_31' title="bbox 238 3408 1375 3500; baseline 0.004 -29"><span class='ocrx_word' id='word_1_242' title='bbox 238 3408 309 3493; x_wconf 90' lang='lat' dir='ltr'>ipsa</span> <span class='ocrx_word' id='word_1_243' title='bbox 331 3411 567 3493; x_wconf 86' lang='lat' dir='ltr'>comparatione</span> <span class='ocrx_word' id='word_1_244' title='bbox 588 3411 706 3499; x_wconf 87' lang='lat' dir='ltr'>aliquid</span> <span class='ocrx_word' id='word_1_245' title='bbox 729 3412 850 3478; x_wconf 90' lang='lat' dir='ltr'>fructus</span> <span class='ocrx_word' id='word_1_246' title='bbox 872 3414 1122 3478; x_wconf 89' lang='lat' dir='ltr'>redundaturum</span> <span class='ocrx_word' id='word_1_247' title='bbox 1144 3437 1213 3480; x_wconf 90' lang='lat' dir='ltr'>esse</span> <span class='ocrx_word' id='word_1_248' title='bbox 1237 3435 1375 3500; x_wconf 85' lang='lat' dir='ltr'>sperans</span> 
     </span>
    </p>

    <p class='ocr_par' dir='ltr' id='par_1_5' title="bbox 239 3511 1462 3799">
     <span class='ocr_line' id='line_1_32' title="bbox 325 3511 1461 3601; baseline 0 -26"><span class='ocrx_word' id='word_1_249' title='bbox 325 3513 557 3594; x_wconf 87' lang='lat' dir='ltr'>Argumentum</span> <span class='ocrx_word' id='word_1_250' title='bbox 580 3523 685 3578; x_wconf 91' lang='lat' dir='ltr'>autem</span> <span class='ocrx_word' id='word_1_251' title='bbox 708 3514 932 3601; x_wconf 88' lang='lat' dir='ltr'>disputationis</span> <span class='ocrx_word' id='word_1_252' title='bbox 960 3516 1005 3580; x_wconf 87' lang='lat' dir='ltr'>ita</span> <span class='ocrx_word' id='word_1_253' title='bbox 1034 3515 1183 3601; x_wconf 92' lang='lat' dir='ltr'>disposui,</span> <span class='ocrx_word' id='word_1_254' title='bbox 1207 3525 1241 3580; x_wconf 93' lang='lat' dir='ltr'>ut</span> <span class='ocrx_word' id='word_1_255' title='bbox 1262 3514 1399 3601; x_wconf 92' lang='lat' dir='ltr'>primum</span> <span class='ocrx_word' id='word_1_256' title='bbox 1422 3511 1461 3575; x_wconf 95' lang='lat' dir='ltr'>de</span> 
     </span>
     <span class='ocr_line' id='line_1_33' title="bbox 239 3611 1462 3703; baseline 0.003 -29"><span class='ocrx_word' id='word_1_257' title='bbox 239 3611 397 3676; x_wconf 91' lang='lat' dir='ltr'>indicibus</span> <span class='ocrx_word' id='word_1_258' title='bbox 419 3613 579 3678; x_wconf 88' lang='lat' dir='ltr'>literarum</span> <span class='ocrx_word' id='word_1_259' title='bbox 603 3638 643 3680; x_wconf 88' lang='lat' dir='ltr'>ex</span> <span class='ocrx_word' id='word_1_260' title='bbox 666 3615 775 3681; x_wconf 90' lang='lat' dir='ltr'>ordine</span> <span class='ocrx_word' id='word_1_261' title='bbox 799 3616 969 3703; x_wconf 87' lang='lat' dir='ltr'>dispositis,</span> <span class='ocrx_word' id='word_1_262' title='bbox 993 3615 1106 3682; x_wconf 89' lang='lat' dir='ltr'>deinde</span> <span class='ocrx_word' id='word_1_263' title='bbox 1131 3619 1169 3682; x_wconf 89' lang='lat' dir='ltr'>de</span> <span class='ocrx_word' id='word_1_264' title='bbox 1192 3616 1318 3681; x_wconf 90' lang='lat' dir='ltr'>iudiciis</span> <span class='ocrx_word' id='word_1_265' title='bbox 1339 3614 1379 3678; x_wconf 92' lang='lat' dir='ltr'>de</span> <span class='ocrx_word' id='word_1_266' title='bbox 1395 3623 1462 3680; x_wconf 88' lang='lat' dir='ltr'>arte</span> 
     </span>
     <span class='ocr_line' id='line_1_34' title="bbox 240 3712 931 3799; baseline 0.014 -25"><span class='ocrx_word' id='word_1_267' title='bbox 240 3712 410 3796; x_wconf 90' lang='lat' dir='ltr'>insignium</span> <span class='ocrx_word' id='word_1_268' title='bbox 431 3715 588 3780; x_wconf 89' lang='lat' dir='ltr'>artificum</span> <span class='ocrx_word' id='word_1_269' title='bbox 608 3715 711 3799; x_wconf 85' lang='lat' dir='ltr'>factis,</span> <span class='ocrx_word' id='word_1_270' title='bbox 736 3717 931 3784; x_wconf 90' lang='lat' dir='ltr'>dissererem.</span> 
     </span>
    </p>
   </div>
   <div class='ocr_carea' id='block_1_3' title="bbox 768 3970 929 4072">
    <p class='ocr_par' dir='ltr' id='par_1_6' title="bbox 768 3970 929 4072">
     <span class='ocr_line' id='line_1_35' title="bbox 768 3970 929 4072; baseline -0.012 -20"><span class='ocrx_word' id='word_1_271' title='bbox 768 3970 888 4072; x_wconf 77' lang='lat' dir='ltr'>caput</span> <span class='ocrx_word' id='word_1_272' title='bbox 907 3971 929 4050; x_wconf 95' lang='grc' dir='ltr'>Ι.</span> 
     </span>
    </p>
   </div>
   <div class='ocr_carea' id='block_1_4' title="bbox 242 4119 1463 4312">
    <p class='ocr_par' dir='ltr' id='par_1_7' title="bbox 242 4119 1463 4312">
     <span class='ocr_line' id='line_1_36' title="bbox 324 4119 1463 4208; baseline 0.005 -25"><span class='ocrx_word' id='word_1_273' title='bbox 324 4119 364 4182; x_wconf 93' lang='lat' dir='ltr'>In</span> <span class='ocrx_word' id='word_1_274' title='bbox 386 4121 612 4208; x_wconf 88' lang='lat' dir='ltr'>componendis</span> <span class='ocrx_word' id='word_1_275' title='bbox 634 4123 707 4187; x_wconf 90' lang='lat' dir='ltr'>Nat.</span> <span class='ocrx_word' id='word_1_276' title='bbox 731 4122 804 4189; x_wconf 90' lang='lat' dir='ltr'>hist.</span> <span class='ocrx_word' id='word_1_277' title='bbox 828 4124 1041 4189; x_wconf 83' lang='lat' dir='ltr'>voluminibus</span> <span class='ocrx_word' id='word_1_278' title='bbox 1064 4123 1101 4190; x_wconf 85' lang='lat' dir='ltr'>O.</span> <span class='ocrx_word' id='word_1_279' title='bbox 1117 4123 1258 4205; x_wconf 82' lang='lat' dir='ltr'>Plinius,</span> <span class='ocrx_word' id='word_1_280' title='bbox 1295 4147 1367 4190; x_wconf 92' lang='lat' dir='ltr'>cum</span> <span class='ocrx_word' id='word_1_281' title='bbox 1388 4146 1463 4189; x_wconf 88' lang='lat' dir='ltr'>con-</span> 
     </span>
     <span class='ocr_line' id='line_1_37' title="bbox 242 4221 1463 4312; baseline 0.004 -26"><span class='ocrx_word' id='word_1_282' title='bbox 242 4221 312 4286; x_wconf 89' lang='lat' dir='ltr'>silio</span> <span class='ocrx_word' id='word_1_283' title='bbox 346 4230 376 4287; x_wconf 92' lang='grc'>11</span> <span class='ocrx_word' id='word_1_284' title='bbox 409 4221 616 4311; x_wconf 91' lang='lat' dir='ltr'>dispositione</span> <span class='ocrx_word' id='word_1_285' title='bbox 650 4223 747 4289; x_wconf 90' lang='lat' dir='ltr'>totius</span> <span class='ocrx_word' id='word_1_286' title='bbox 781 4227 885 4312; x_wconf 90' lang='lat' dir='ltr'>operis</span> <span class='ocrx_word' id='word_1_287' title='bbox 920 4235 1047 4290; x_wconf 90' lang='lat' dir='ltr'>coactus</span> <span class='ocrx_word' id='word_1_288' title='bbox 1081 4235 1166 4291; x_wconf 89' lang='lat' dir='ltr'>esset</span> <span class='ocrx_word' id='word_1_289' title='bbox 1198 4250 1263 4293; x_wconf 92' lang='lat' dir='ltr'>non</span> <span class='ocrx_word' id='word_1_290' title='bbox 1300 4226 1402 4291; x_wconf 92' lang='lat' dir='ltr'>solum</span> <span class='ocrx_word' id='word_1_291' title='bbox 1424 4226 1463 4291; x_wconf 90' lang='lat' dir='ltr'>de</span> 
     </span>
    </p>
   </div>
   <div class='ocr_carea' id='block_1_5' title="bbox 0 0 1632 4822">
    <p class='ocr_par' dir='ltr' id='par_1_8' title="bbox 0 0 1632 4822">
     <span class='ocr_line' id='line_1_38' title="bbox 0 0 1632 4822; baseline 0 0"><span class='ocrx_word' id='word_1_292' title='bbox 0 0 1632 4822; x_wconf 95' lang='lat' dir='ltr'> </span> 
     </span>
    </p>
   </div>
  </div>
 </body>
</html>
