3232 4822
785 289 824 352 21

198 466 283 525 certe
305 481 345 524 ex
365 457 608 522 narratiunculis
641 456 681 520 de
714 457 890 522 artificibus
923 455 1059 523 inventis
1092 466 1162 522 orta
1195 466 1252 521 est.
1298 456 1414 523 Cetera

199 569 305 624 autem
331 559 449 624 iudicia
474 558 627 645 imprimis
654 581 734 643 qnae
762 558 801 623 de
822 557 962 624 Zeuxide
985 568 1016 623 et
1037 559 1207 624 Parrhasio
1234 559 1414 623 factasunt

197 660 390 727 Xenocratis
412 672 443 726 et
466 660 622 745 Antigoni
648 682 717 726 esse
743 661 946 748 perspicuum
974 670 1031 726 est.
1076 661 1145 725 Iam
1174 684 1247 726 vero
1269 663 1413 726 venimus

200 763 240 829 ad
261 761 381 829 iudicia
403 761 442 827 de
465 761 571 826 decem
594 762 757 828 fictoribus
779 762 873 843 facta,
896 785 977 847 quae
999 773 1067 828 arte
1088 764 1170 828 inter
1185 786 1219 828 se
1235 762 1413 844 cohaerent,

201 889 270 930 curn
302 866 336 929 in
369 864 515 929 omnibus
546 863 631 929 idem
663 874 845 950 quaeratur,
874 864 978 949 quoad
1005 866 1138 952 quisque
1176 864 1217 928 ad
1249 865 1414 930 veritatem

200 965 378 1032 accesserit.
411 964 595 1031 Eorundem
616 964 806 1030 iudiciorum
828 988 910 1052 pars,
927 989 999 1031 cum
1016 967 1112 1031 etiam
1127 967 1211 1053 apud
1227 965 1413 1032 Ciceronem

200 1068 304 1151 (Brut.
330 1070 378 1148 18,
404 1068 458 1150 71)
492 1067 681 1148 inveniatur,
714 1067 760 1131 eis
782 1067 879 1131 etiam
910 1069 943 1132 in
972 1069 1154 1134 disserendo
1177 1077 1313 1148 utemur,
1333 1089 1413 1153 quae

200 1168 363 1236 Ciceronis
386 1179 460 1235 sunt
481 1169 571 1234 uncis
592 1168 797 1234 includemus.
844 1173 948 1256 Atque
965 1171 1172 1236 vetustiorum
1195 1169 1323 1256 quidem
1339 1171 1415 1234 arti-

198 1272 292 1336 ficum
317 1271 408 1356 signa
430 1270 520 1353 ,dura
542 1279 667 1336 suntet
690 1269 872 1335 Poscanicis
897 1271 1042 1357 proxima
1066 1271 1239 1357 [rigidiora
1262 1295 1358 1358 quam
1379 1288 1415 1335 ut

198 1372 360 1438 imitentur
385 1372 571 1454 veritatem],
605 1373 719 1453 ,minus
752 1372 862 1458 rigida'
897 1371 1080 1455 Calamidis,
1114 1374 1269 1452 ,molliora
1301 1372 1413 1438 adhuc'

198 1473 344 1560 Myronis
367 1472 521 1558 [nondum
537 1474 682 1558 Myronis
697 1475 774 1538 satis
794 1474 835 1538 ad
858 1475 1023 1539 veritatem
1045 1474 1189 1555 adducta,
1212 1474 1276 1538 iam
1298 1484 1413 1556 tamen,

199 1598 277 1661 quae
299 1599 363 1640 non
387 1575 513 1640 dubites
535 1575 668 1662 pulchra
692 1576 820 1658 dicere]‚
842 1576 874 1638 in
901 1574 1051 1659 Polyclito
1082 1575 1229 1641 laudatur
1251 1575 1415 1661 diligentia

198 1687 231 1742 et
252 1678 360 1744 decor:
396 1677 571 1756 „humanae
598 1677 718 1742 formae
746 1677 890 1741 decorem
918 1676 1042 1741 addidit
1068 1700 1164 1763 supra
1191 1680 1329 1759 verum“,
1358 1677 1415 1742 sed

198 1802 263 1843 non
285 1779 423 1866 explevit
445 1779 576 1844 deorum
604 1781 837 1858 auctoritatem3
871 1778 925 1842 sed
959 1801 1038 1864 quae
1064 1778 1220 1863 Polyclito
1249 1779 1415 1844 defuerunt

200 1880 333 1945 Phidiae
354 1891 386 1946 et
399 1881 565 1945 Alcameni
590 1881 716 1960 dantur,
740 1882 771 1943 in
788 1880 930 1966 Lysippo
946 1893 977 1945 et
992 1879 1152 1944 Praxitele
1175 1881 1300 1960 veritas,
1317 1881 1416 1945 nimia

200 1983 315 2047 veritas
343 1982 376 2046 in
400 1982 562 2047 Demetrio
593 1982 661 2046 fuit.
706 1984 817 2069 Itaque
852 2004 923 2047 cum
955 1993 1090 2067 quatuor
1123 1982 1265 2047 veritatis
1298 1983 1414 2067 gradus

199 2083 371 2149 habeamus
393 2083 463 2169 (qui
484 2083 623 2149 nondum
654 2085 818 2149 veritatem
845 2083 981 2148 assecuti
1009 2084 1083 2166 sint,
1109 2083 1163 2169 qui
1188 2106 1284 2170 supra
1306 2106 1416 2148 verum

200 2186 318 2270 egressi
340 2186 411 2265 sint,
443 2184 497 2270 qui
527 2186 691 2251 veritatem
723 2186 937 2271 aequaverint,
966 2186 1020 2271 qui
1048 2184 1134 2248 nimii
1157 2185 1189 2248 in
1212 2207 1250 2249 ea
1271 2184 1414 2267 fuerint),

200 2286 308 2352 decem
330 2297 436 2352 autem
459 2287 596 2352 artifices
618 2287 796 2367 laudentur,
819 2287 964 2350 nonnulli
986 2309 1095 2351 eorum
1118 2285 1274 2351 artificum
1289 2286 1329 2350 ab
1344 2287 1414 2371 ipso

200 2388 416 2469 Quinctiliano
439 2387 539 2453 additi
568 2410 638 2454 esse
663 2388 821 2469 videntur,
850 2402 885 2453 ut
910 2410 1060 2453 numerus
1088 2388 1197 2453 decem
1219 2399 1414 2474 aequaretur.

199 2488 297 2573 Apud
324 2489 506 2555 Ciceronem
531 2490 762 2556 vetustissimus
784 2491 898 2556 artifex
926 2490 1095 2555 Canachus
1117 2492 1307 2569 nominatur,
1330 2488 1414 2575 apud

201 2589 450 2671 Quinctilianum
484 2592 545 2657 duo
579 2592 715 2657 artifices
745 2594 779 2656 in
811 2593 878 2657 eius
909 2594 1014 2657 locum
1046 2591 1221 2656 succedunt
1243 2589 1355 2656 Callon
1384 2600 1415 2653 et

200 2690 370 2777 Hegesias,
407 2693 541 2758 Phidiae
562 2695 753 2759 Alcamenes
788 2705 819 2758 ot
850 2694 993 2780 Lysippo
1026 2692 1204 2756 Praxiteles
1238 2690 1414 2777 apponitur,

199 2817 301 2880 neque
323 2805 427 2860 tamen
451 2795 490 2860 de
513 2797 643 2861 summis
666 2797 728 2860 illis
756 2797 933 2860 artificibus
965 2794 1040 2858 novi
1073 2793 1245 2879 quidquam
1278 2793 1415 2857 affertur.

200 2895 362 2980 Antigono
383 2919 460 2961 vero
484 2919 540 2961 cur
556 2899 612 2962 illa
633 2898 750 2962 iudicia
772 2922 835 2962 non
858 2896 1061 2962 attribuenda
1087 2919 1156 2960 esse
1178 2916 1333 2976 censeam,
1356 2894 1416 2960 hae

200 3017 313 3063 causae
348 3021 396 3062 me
429 2999 630 3084 impulerunt.
675 3000 815 3063 Primum
850 2999 935 3064 enim
968 3021 1076 3062 eorum
1109 2997 1299 3061 iudiciorum
1331 2996 1415 3082 apud

199 3096 337 3163 Plinium
360 3122 398 3164 ne
421 3100 590 3184 vestigium
611 3101 739 3185 quidem
760 3103 926 3166 invenitur.
971 3100 1054 3163 Nam
1076 3120 1264 3184 quamquam
1286 3119 1415 3162 necesse

199 3222 263 3263 non
285 3209 333 3264 est
355 3201 553 3286 Antigonum
578 3203 611 3266 in
632 3202 715 3267 libro
740 3201 889 3266 XXXIV
923 3224 1047 3287 quoque
1079 3201 1113 3264 in
1146 3221 1237 3263 usum
1270 3209 1416 3263 vocatum

200 3322 278 3383 esse,
312 3313 476 3388 propterea
509 3303 592 3389 quod
624 3305 658 3368 in
691 3303 793 3367 indice
826 3303 919 3368 huius
946 3304 1020 3367 libri
1041 3301 1197 3382 laudatur,
1220 3310 1326 3365 tamen
1347 3301 1416 3387 ipse

199 3401 359 3469 Robertus
381 3405 596 3491 compluribus
617 3406 697 3470 locis
727 3429 796 3470 eum
829 3403 1008 3469 adhibitum
1040 3427 1110 3470 esse
1142 3402 1307 3482 iudicavit,
1341 3425 1416 3466 nam

200 3499 397 3569 Calamidem
418 3508 454 3589 (ξ
476 3508 544 3589 71),
580 3507 774 3587 Canachum,
809 3506 843 3590 (ξ
865 3507 921 3586 75)
944 3506 1142 3571 Demetrium
1163 3506 1198 3588 (ἕ
1223 3504 1286 3587 76),.
1318 3502 1416 3569 Calli-

198 3601 342 3668 machum
367 3607 402 3690 (ξ
425 3608 480 3688 92)
510 3630 550 3671 ex
578 3631 614 3672 eo
643 3608 772 3672 haustos
798 3629 867 3672 esse
896 3607 1027 3691 putavit.
1076 3607 1189 3691 Neque
1216 3614 1321 3669 tamen
1350 3605 1414 3668 ullo

199 3709 269 3774 loco
304 3708 343 3773 de
376 3731 535 3795 quoquam
567 3732 674 3774 eorum
706 3707 858 3772 eiusmodi
893 3708 930 3771 fit
961 3706 1120 3771 iudicium.
1133 3706 1164 3789 ¹)
1215 3704 1415 3792 Quamquam

199 3833 264 3875 non
296 3810 408 3876 desunt
440 3809 524 3896 apud
556 3810 694 3877 Plinium
728 3811 757 3873 ei
790 3810 852 3874 loci
885 3810 1000 3895 quibus
1027 3807 1157 3872 Phidias
1184 3815 1215 3870 et
1240 3806 1414 3892 Polyclitus

200 3913 330 3977 summis
356 3913 504 3977 laudibus
532 3911 713 3993 efferuntur,
741 3922 835 3997 atque
861 3913 955 3976 etiam
985 3912 1096 3976 ceteris
1124 3909 1297 3973 artificibus
1326 3917 1414 3973 ante-

269 4063 293 4128 l)
312 4066 437 4119 Rhetores
464 4066 592 4135 quomodo
617 4064 670 4117 illis
697 4063 801 4117 indiciis
826 4065 869 4117 usi
894 4065 949 4117 sint
975 4064 1049 4117 docet
1076 4062 1165 4115 Cicero
1188 4062 1278 4128 (Brut,
1296 4061 1337 4126 19,
1355 4061 1414 4125 75)ε

202 4150 308 4213 ,Naevii
330 4152 430 4204 bollum
447 4153 577 4205 Punicum
600 4152 674 4220 quasi
694 4150 808 4219 Myronis
832 4165 900 4218 opus
923 4151 1061 4215 delectae,
1082 4149 1161 4201 etiam
1185 4149 1257 4200 locus
1275 4163 1290 4200 e
1307 4147 1414 4215 Dionys.

202 4235 259 4290 Hal.
276 4237 372 4290 allatus
388 4239 479 4306 (sopra
496 4254 521 4305 p.
541 4235 595 4303 18).
630 4237 707 4305 Apud
725 4236 841 4288 Plinium
860 4236 1009 4303 exemplum
1028 4250 1080 4288 non
1098 4233 1240 4288 invenitur.
