<?xml version="1.0" encoding="UTF-8"?>
<!DOCTYPE html PUBLIC "-//W3C//DTD XHTML 1.0 Transitional//EN"
    "http://www.w3.org/TR/xhtml1/DTD/xhtml1-transitional.dtd">
<html xmlns="http://www.w3.org/1999/xhtml" xml:lang="en" lang="en">
 <head>
  <title>
</title>
<meta http-equiv="Content-Type" content="text/html;charset=utf-8" />
  <meta name='ocr-system' content='tesseract 3.04.00' />
  <meta name='ocr-capabilities' content='ocr_page ocr_carea ocr_par ocr_line ocrx_word'/>
</head>
<body>
  <div class='ocr_page' id='page_1' title='image "./defontibusearum00voiggoog_0027.png"; bbox 0 0 3232 4822; ppageno 0'>
   <div class='ocr_carea' id='block_1_1' title="bbox 785 302 826 365">
    <p class='ocr_par' dir='ltr' id='par_1_1' title="bbox 785 302 826 365">
     <span class='ocr_line' id='line_1_1' title="bbox 785 302 826 365; baseline 0 0"><span class='ocrx_word' id='word_1_1' title='bbox 785 302 826 365; x_wconf 78' lang='lat'>22</span> 
     </span>
    </p>
   </div>
   <div class='ocr_carea' id='block_1_2' title="bbox 196 467 1410 659">
    <p class='ocr_par' dir='ltr' id='par_1_2' title="bbox 196 467 1410 659">
     <span class='ocr_line' id='line_1_2' title="bbox 196 467 1410 554; baseline 0.009 -24"><span class='ocrx_word' id='word_1_2' title='bbox 196 476 357 550; x_wconf 91' lang='lat' dir='ltr'>ponuntur</span> <span class='ocrx_word' id='word_1_3' title='bbox 378 467 510 553; x_wconf 89' lang='lat' dir='ltr'>(quain</span> <span class='ocrx_word' id='word_1_4' title='bbox 532 491 566 533; x_wconf 90' lang='lat' dir='ltr'>re</span> <span class='ocrx_word' id='word_1_5' title='bbox 580 468 718 533; x_wconf 84' lang='lat' dir='ltr'>Plinium</span> <span class='ocrx_word' id='word_1_6' title='bbox 742 470 774 533; x_wconf 95' lang='lat' dir='ltr'>in</span> <span class='ocrx_word' id='word_1_7' title='bbox 796 469 954 534; x_wconf 89' lang='lat' dir='ltr'>laudando</span> <span class='ocrx_word' id='word_1_8' title='bbox 976 470 1141 554; x_wconf 89' lang='lat' dir='ltr'>profusum</span> <span class='ocrx_word' id='word_1_9' title='bbox 1163 494 1232 537; x_wconf 91' lang='lat' dir='ltr'>esse</span> <span class='ocrx_word' id='word_1_10' title='bbox 1255 486 1286 538; x_wconf 92' lang='lat' dir='ltr'>et</span> <span class='ocrx_word' id='word_1_11' title='bbox 1308 476 1410 541; x_wconf 87' lang='lat' dir='ltr'>diver-</span> 
     </span>
     <span class='ocr_line' id='line_1_3' title="bbox 197 567 1410 659; baseline 0.006 -26"><span class='ocrx_word' id='word_1_12' title='bbox 197 567 323 634; x_wconf 90' lang='lat' dir='ltr'>sissima</span> <span class='ocrx_word' id='word_1_13' title='bbox 355 567 387 631; x_wconf 89' lang='lat' dir='ltr'>in</span> <span class='ocrx_word' id='word_1_14' title='bbox 421 570 543 633; x_wconf 90' lang='lat' dir='ltr'>caelum</span> <span class='ocrx_word' id='word_1_15' title='bbox 576 571 719 635; x_wconf 83' lang='lat' dir='ltr'>attollere</span> <span class='ocrx_word' id='word_1_16' title='bbox 752 570 987 656; x_wconf 89' lang='lat' dir='ltr'>respiciendum</span> <span class='ocrx_word' id='word_1_17' title='bbox 1020 571 1096 651; x_wconf 89' lang='lat' dir='ltr'>est).</span> <span class='ocrx_word' id='word_1_18' title='bbox 1154 570 1292 638; x_wconf 87' lang='lat' dir='ltr'>Praefat.</span> <span class='ocrx_word' id='word_1_19' title='bbox 1328 577 1346 659; x_wconf 60' lang='grc' dir='ltr'>ᾗ</span> <span class='ocrx_word' id='word_1_20' title='bbox 1371 578 1410 640; x_wconf 77' lang='lat'>26</span> 
     </span>
    </p>
   </div>
   <div class='ocr_carea' id='block_1_3' title="bbox 195 669 1413 4008">
    <p class='ocr_par' dir='ltr' id='par_1_3' title="bbox 195 669 1413 3178">
     <span class='ocr_line' id='line_1_4' title="bbox 196 669 1411 758; baseline 0.007 -25"><span class='ocrx_word' id='word_1_21' title='bbox 196 669 370 758; x_wconf 74' lang='lat' dir='ltr'><strong>Polyclitus</strong></span> <span class='ocrx_word' id='word_1_22' title='bbox 392 681 423 735; x_wconf 89' lang='lat' dir='ltr'>et</span> <span class='ocrx_word' id='word_1_23' title='bbox 445 670 575 757; x_wconf 85' lang='lat' dir='ltr'>Apelles</span> <span class='ocrx_word' id='word_1_24' title='bbox 603 670 760 736; x_wconf 91' lang='lat' dir='ltr'>artificum</span> <span class='ocrx_word' id='word_1_25' title='bbox 786 672 944 758; x_wconf 84' lang='lat' dir='ltr'>principes</span> <span class='ocrx_word' id='word_1_26' title='bbox 967 672 1144 753; x_wconf 87' lang='lat' dir='ltr'>laudantur,</span> <span class='ocrx_word' id='word_1_27' title='bbox 1167 673 1274 758; x_wconf 90' lang='lat' dir='ltr'>eisque</span> <span class='ocrx_word' id='word_1_28' title='bbox 1298 678 1411 755; x_wconf 89' lang='lat' dir='ltr'>„abso-</span> 
     </span>
     <span class='ocr_line' id='line_1_5' title="bbox 195 773 1412 858; baseline 0.002 -20"><span class='ocrx_word' id='word_1_29' title='bbox 195 774 263 838; x_wconf 89' lang='lat' dir='ltr'>luta</span> <span class='ocrx_word' id='word_1_30' title='bbox 285 794 381 858; x_wconf 90' lang='lat' dir='ltr'>opera</span> <span class='ocrx_word' id='word_1_31' title='bbox 402 785 433 836; x_wconf 92' lang='lat' dir='ltr'>et</span> <span class='ocrx_word' id='word_1_32' title='bbox 454 795 534 858; x_wconf 86' lang='lat' dir='ltr'>quae</span> <span class='ocrx_word' id='word_1_33' title='bbox 557 773 698 837; x_wconf 87' lang='lat' dir='ltr'>mirando</span> <span class='ocrx_word' id='word_1_34' title='bbox 724 797 790 838; x_wconf 93' lang='lat' dir='ltr'>non</span> <span class='ocrx_word' id='word_1_35' title='bbox 811 775 981 839; x_wconf 88' lang='lat' dir='ltr'>satiamur“</span> <span class='ocrx_word' id='word_1_36' title='bbox 1008 773 1237 838; x_wconf 85' lang='lat' dir='ltr'>adscribuntur.</span> <span class='ocrx_word' id='word_1_37' title='bbox 1281 777 1412 841; x_wconf 78' lang='lat' dir='ltr'>Phidias</span> 
     </span>
     <span class='ocr_line' id='line_1_6' title="bbox 197 873 1410 961; baseline 0.002 -23"><span class='ocrx_word' id='word_1_38' title='bbox 197 873 312 939; x_wconf 79' lang='lat' dir='ltr'>artifex</span> <span class='ocrx_word' id='word_1_39' title='bbox 333 896 503 960; x_wconf 80' lang='lat' dir='ltr'><strong>numquam</strong></span> <span class='ocrx_word' id='word_1_40' title='bbox 525 874 603 939; x_wconf 89' lang='lat' dir='ltr'>satis</span> <span class='ocrx_word' id='word_1_41' title='bbox 625 874 772 940; x_wconf 85' lang='lat' dir='ltr'>laudatus</span> <span class='ocrx_word' id='word_1_42' title='bbox 800 876 975 961; x_wconf 89' lang='lat' dir='ltr'>appellatur</span> <span class='ocrx_word' id='word_1_43' title='bbox 998 876 1065 959; x_wconf 82' lang='lat'>(36,</span> <span class='ocrx_word' id='word_1_44' title='bbox 1090 876 1154 958; x_wconf 88' lang='grc'>19),</span> <span class='ocrx_word' id='word_1_45' title='bbox 1182 876 1314 940; x_wconf 90' lang='lat' dir='ltr'>eundem</span> <span class='ocrx_word' id='word_1_46' title='bbox 1342 879 1410 942; x_wconf 91' lang='lat' dir='ltr'>sine</span> 
     </span>
     <span class='ocr_line' id='line_1_7' title="bbox 197 975 1409 1064; baseline -0.001 -24"><span class='ocrx_word' id='word_1_47' title='bbox 197 975 294 1040; x_wconf 93' lang='lat' dir='ltr'>dubio</span> <span class='ocrx_word' id='word_1_48' title='bbox 329 975 553 1058; x_wconf 84' lang='lat' dir='ltr'>„clarissimum</span> <span class='ocrx_word' id='word_1_49' title='bbox 587 999 657 1042; x_wconf 90' lang='lat' dir='ltr'>esse</span> <span class='ocrx_word' id='word_1_50' title='bbox 690 999 746 1063; x_wconf 89' lang='lat' dir='ltr'>per</span> <span class='ocrx_word' id='word_1_51' title='bbox 778 999 885 1041; x_wconf 92' lang='lat' dir='ltr'>omnes</span> <span class='ocrx_word' id='word_1_52' title='bbox 917 986 1027 1061; x_wconf 81' lang='lat' dir='ltr'>gentes</span> <span class='ocrx_word' id='word_1_53' title='bbox 1057 1001 1137 1064; x_wconf 87' lang='lat' dir='ltr'>quae</span> <span class='ocrx_word' id='word_1_54' title='bbox 1158 977 1246 1042; x_wconf 87' lang='lat' dir='ltr'>Iovis</span> <span class='ocrx_word' id='word_1_55' title='bbox 1269 976 1409 1063; x_wconf 87' lang='lat' dir='ltr'>Olympii</span> 
     </span>
     <span class='ocr_line' id='line_1_8' title="bbox 196 1075 1410 1164; baseline 0.001 -24"><span class='ocrx_word' id='word_1_56' title='bbox 196 1077 313 1141; x_wconf 83' lang='lat' dir='ltr'>famam</span> <span class='ocrx_word' id='word_1_57' title='bbox 333 1075 529 1162; x_wconf 82' lang='lat' dir='ltr'>intelligant“</span> <span class='ocrx_word' id='word_1_58' title='bbox 547 1078 668 1142; x_wconf 88' lang='lat' dir='ltr'>Plinius</span> <span class='ocrx_word' id='word_1_59' title='bbox 689 1079 827 1143; x_wconf 90' lang='lat' dir='ltr'>affirmat</span> <span class='ocrx_word' id='word_1_60' title='bbox 842 1080 909 1160; x_wconf 81' lang='lat'>(36,</span> <span class='ocrx_word' id='word_1_61' title='bbox 927 1081 991 1161; x_wconf 88' lang='grc'>18),</span> <span class='ocrx_word' id='word_1_62' title='bbox 1015 1103 1033 1142; x_wconf 89' lang='lat' dir='ltr'>a</span> <span class='ocrx_word' id='word_1_63' title='bbox 1069 1080 1136 1144; x_wconf 91' lang='lat' dir='ltr'>eius</span> <span class='ocrx_word' id='word_1_64' title='bbox 1158 1080 1203 1144; x_wconf 88' lang='lat' dir='ltr'>rei</span> <span class='ocrx_word' id='word_1_65' title='bbox 1226 1089 1410 1164; x_wconf 88' lang='lat' dir='ltr'>argumenta</span> 
     </span>
     <span class='ocr_line' id='line_1_9' title="bbox 196 1178 1408 1272; baseline 0.001 -28"><span class='ocrx_word' id='word_1_66' title='bbox 196 1190 258 1244; x_wconf 88' lang='lat' dir='ltr'>tam</span> <span class='ocrx_word' id='word_1_67' title='bbox 287 1180 368 1244; x_wconf 91' lang='lat' dir='ltr'>mira</span> <span class='ocrx_word' id='word_1_68' title='bbox 393 1178 522 1264; x_wconf 81' lang='lat' dir='ltr'>profert,</span> <span class='ocrx_word' id='word_1_69' title='bbox 549 1190 584 1243; x_wconf 93' lang='lat' dir='ltr'>ut</span> <span class='ocrx_word' id='word_1_70' title='bbox 609 1181 685 1267; x_wconf 91' lang='lat' dir='ltr'>quin</span> <span class='ocrx_word' id='word_1_71' title='bbox 711 1181 811 1266; x_wconf 91' lang='lat' dir='ltr'>ipsius</span> <span class='ocrx_word' id='word_1_72' title='bbox 839 1183 903 1246; x_wconf 88' lang='lat' dir='ltr'>sint</span> <span class='ocrx_word' id='word_1_73' title='bbox 929 1182 1065 1272; x_wconf 87' lang='lat' dir='ltr'>dubitari</span> <span class='ocrx_word' id='word_1_74' title='bbox 1092 1205 1156 1246; x_wconf 90' lang='lat' dir='ltr'>non</span> <span class='ocrx_word' id='word_1_75' title='bbox 1184 1183 1292 1268; x_wconf 91' lang='lat' dir='ltr'>possit.</span> <span class='ocrx_word' id='word_1_76' title='bbox 1336 1183 1408 1246; x_wconf 90' lang='lat' dir='ltr'>Non</span> 
     </span>
     <span class='ocr_line' id='line_1_10' title="bbox 196 1280 1410 1371; baseline 0.002 -25"><span class='ocrx_word' id='word_1_77' title='bbox 196 1280 321 1346; x_wconf 85' lang='lat' dir='ltr'>videtur</span> <span class='ocrx_word' id='word_1_78' title='bbox 347 1280 444 1366; x_wconf 87' lang='lat' dir='ltr'>igitur</span> <span class='ocrx_word' id='word_1_79' title='bbox 470 1282 626 1346; x_wconf 89' lang='lat' dir='ltr'>eiusmodi</span> <span class='ocrx_word' id='word_1_80' title='bbox 652 1283 769 1348; x_wconf 90' lang='lat' dir='ltr'>iudicia</span> <span class='ocrx_word' id='word_1_81' title='bbox 790 1284 985 1348; x_wconf 77' lang='lat' dir='ltr'>insontibus</span> <span class='ocrx_word' id='word_1_82' title='bbox 1008 1286 1072 1348; x_wconf 90' lang='lat' dir='ltr'>suis</span> <span class='ocrx_word' id='word_1_83' title='bbox 1094 1286 1279 1371; x_wconf 89' lang='lat' dir='ltr'>repperisse.</span> <span class='ocrx_word' id='word_1_84' title='bbox 1324 1284 1410 1365; x_wconf 77' lang='lat' dir='ltr'>Quin</span> 
     </span>
     <span class='ocr_line' id='line_1_11' title="bbox 197 1384 1411 1472; baseline -0.002 -22"><span class='ocrx_word' id='word_1_85' title='bbox 197 1385 292 1450; x_wconf 87' lang='lat' dir='ltr'>etiam</span> <span class='ocrx_word' id='word_1_86' title='bbox 313 1385 347 1448; x_wconf 92' lang='lat' dir='ltr'>in</span> <span class='ocrx_word' id='word_1_87' title='bbox 368 1384 446 1470; x_wconf 89' lang='lat' dir='ltr'>ipsis</span> <span class='ocrx_word' id='word_1_88' title='bbox 468 1384 514 1449; x_wconf 90' lang='lat' dir='ltr'>eis</span> <span class='ocrx_word' id='word_1_89' title='bbox 536 1385 607 1449; x_wconf 91' lang='lat' dir='ltr'>libri</span> <span class='ocrx_word' id='word_1_90' title='bbox 623 1385 774 1451; x_wconf 83' lang='lat' dir='ltr'><strong>XXXIV</strong></span> <span class='ocrx_word' id='word_1_91' title='bbox 788 1387 941 1471; x_wconf 87' lang='lat' dir='ltr'>partibus,</span> <span class='ocrx_word' id='word_1_92' title='bbox 958 1386 1071 1472; x_wconf 85' lang='lat' dir='ltr'>quibus</span> <span class='ocrx_word' id='word_1_93' title='bbox 1086 1386 1203 1451; x_wconf 90' lang='lat' dir='ltr'>iudicia</span> <span class='ocrx_word' id='word_1_94' title='bbox 1218 1386 1257 1450; x_wconf 90' lang='lat' dir='ltr'>de</span> <span class='ocrx_word' id='word_1_95' title='bbox 1272 1387 1411 1452; x_wconf 89' lang='lat' dir='ltr'>celeber-</span> 
     </span>
     <span class='ocr_line' id='line_1_12' title="bbox 196 1485 1411 1574; baseline 0.002 -25"><span class='ocrx_word' id='word_1_96' title='bbox 196 1485 286 1550; x_wconf 87' lang='lat' dir='ltr'>rimis</span> <span class='ocrx_word' id='word_1_97' title='bbox 301 1486 462 1551; x_wconf 79' lang='lat' dir='ltr'>statuariis</span> <span class='ocrx_word' id='word_1_98' title='bbox 477 1509 497 1550; x_wconf 85' lang='lat' dir='ltr'>a</span> <span class='ocrx_word' id='word_1_99' title='bbox 511 1486 672 1574; x_wconf 89' lang='lat' dir='ltr'>Lysippea</span> <span class='ocrx_word' id='word_1_100' title='bbox 687 1487 796 1552; x_wconf 89' lang='lat' dir='ltr'>schola</span> <span class='ocrx_word' id='word_1_101' title='bbox 811 1488 954 1573; x_wconf 85' lang='lat' dir='ltr'>profecta</span> <span class='ocrx_word' id='word_1_102' title='bbox 976 1489 1183 1564; x_wconf 86' lang='lat' dir='ltr'>continentur,</span> <span class='ocrx_word' id='word_1_103' title='bbox 1206 1489 1238 1553; x_wconf 89' lang='lat' dir='ltr'>in</span> <span class='ocrx_word' id='word_1_104' title='bbox 1262 1489 1411 1573; x_wconf 88' lang='lat' dir='ltr'>operibus</span> 
     </span>
     <span class='ocr_line' id='line_1_13' title="bbox 197 1586 1412 1677; baseline 0.002 -27"><span class='ocrx_word' id='word_1_105' title='bbox 197 1586 413 1653; x_wconf 85' lang='lat' dir='ltr'>describendis</span> <span class='ocrx_word' id='word_1_106' title='bbox 427 1587 604 1673; x_wconf 85' lang='lat' dir='ltr'>Polyclitus</span> <span class='ocrx_word' id='word_1_107' title='bbox 620 1600 651 1654; x_wconf 91' lang='lat' dir='ltr'>et</span> <span class='ocrx_word' id='word_1_108' title='bbox 666 1589 795 1654; x_wconf 84' lang='lat' dir='ltr'>Phidias</span> <span class='ocrx_word' id='word_1_109' title='bbox 811 1591 1070 1677; x_wconf 87' lang='lat' dir='ltr'>praestantissimi</span> <span class='ocrx_word' id='word_1_110' title='bbox 1093 1590 1233 1654; x_wconf 92' lang='lat' dir='ltr'>omnium</span> <span class='ocrx_word' id='word_1_111' title='bbox 1256 1590 1412 1654; x_wconf 87' lang='lat' dir='ltr'>artificum</span> 
     </span>
     <span class='ocr_line' id='line_1_14' title="bbox 196 1690 1408 1778; baseline 0 -24"><span class='ocrx_word' id='word_1_112' title='bbox 196 1711 271 1774; x_wconf 87' lang='lat' dir='ltr'>prae</span> <span class='ocrx_word' id='word_1_113' title='bbox 293 1690 406 1755; x_wconf 88' lang='lat' dir='ltr'>ceteris</span> <span class='ocrx_word' id='word_1_114' title='bbox 427 1690 551 1754; x_wconf 89' lang='lat' dir='ltr'>laudari</span> <span class='ocrx_word' id='word_1_115' title='bbox 573 1691 728 1755; x_wconf 88' lang='lat' dir='ltr'>videntur.</span> <span class='ocrx_word' id='word_1_116' title='bbox 772 1692 888 1778; x_wconf 90' lang='lat' dir='ltr'>Incipit</span> <span class='ocrx_word' id='word_1_117' title='bbox 902 1692 987 1756; x_wconf 91' lang='lat' dir='ltr'>enim</span> <span class='ocrx_word' id='word_1_118' title='bbox 1002 1692 1099 1756; x_wconf 88' lang='lat' dir='ltr'>sectio</span> <span class='ocrx_word' id='word_1_119' title='bbox 1118 1695 1156 1756; x_wconf 88' lang='grc'>19</span> <span class='ocrx_word' id='word_1_120' title='bbox 1178 1693 1251 1756; x_wconf 89' lang='lat' dir='ltr'>libri</span> <span class='ocrx_word' id='word_1_121' title='bbox 1268 1691 1408 1756; x_wconf 82' lang='lat' dir='ltr'><strong>XXXIV</strong></span> 
     </span>
     <span class='ocr_line' id='line_1_15' title="bbox 196 1789 1411 1880; baseline -0.001 -25"><span class='ocrx_word' id='word_1_122' title='bbox 196 1789 284 1857; x_wconf 90' lang='lat' dir='ltr'>hisce</span> <span class='ocrx_word' id='word_1_123' title='bbox 316 1791 436 1858; x_wconf 88' lang='lat' dir='ltr'>verbis:</span> <span class='ocrx_word' id='word_1_124' title='bbox 483 1793 680 1874; x_wconf 90' lang='lat' dir='ltr'>„Minoribus</span> <span class='ocrx_word' id='word_1_125' title='bbox 718 1794 892 1858; x_wconf 89' lang='lat' dir='ltr'>simulacris</span> <span class='ocrx_word' id='word_1_126' title='bbox 925 1795 1085 1880; x_wconf 84' lang='lat' dir='ltr'>signisque</span> <span class='ocrx_word' id='word_1_127' title='bbox 1118 1794 1282 1858; x_wconf 86' lang='lat' dir='ltr'>innumera</span> <span class='ocrx_word' id='word_1_128' title='bbox 1316 1815 1411 1878; x_wconf 90' lang='lat' dir='ltr'>prope</span> 
     </span>
     <span class='ocr_line' id='line_1_16' title="bbox 197 1893 1412 1975; baseline -0.001 -18"><span class='ocrx_word' id='word_1_129' title='bbox 197 1893 352 1959; x_wconf 86' lang='lat' dir='ltr'>artificum</span> <span class='ocrx_word' id='word_1_130' title='bbox 376 1895 541 1959; x_wconf 88' lang='lat' dir='ltr'>multitudo</span> <span class='ocrx_word' id='word_1_131' title='bbox 563 1896 730 1960; x_wconf 90' lang='lat' dir='ltr'>nobilitata</span> <span class='ocrx_word' id='word_1_132' title='bbox 752 1907 808 1975; x_wconf 88' lang='lat' dir='ltr'>est,</span> <span class='ocrx_word' id='word_1_133' title='bbox 832 1906 905 1960; x_wconf 92' lang='lat' dir='ltr'>ante</span> <span class='ocrx_word' id='word_1_134' title='bbox 928 1898 1030 1961; x_wconf 92' lang='lat' dir='ltr'>omnis</span> <span class='ocrx_word' id='word_1_135' title='bbox 1046 1908 1149 1961; x_wconf 90' lang='lat' dir='ltr'>tamen</span> <span class='ocrx_word' id='word_1_136' title='bbox 1167 1895 1296 1959; x_wconf 91' lang='lat' dir='ltr'>Phidias</span> <span class='ocrx_word' id='word_1_137' title='bbox 1313 1894 1412 1958; x_wconf 87' lang='lat' dir='ltr'>Athe-</span> 
     </span>
     <span class='ocr_line' id='line_1_17' title="bbox 196 1995 1413 2084; baseline -0.002 -25"><span class='ocrx_word' id='word_1_138' title='bbox 196 1995 315 2060; x_wconf 89' lang='lat' dir='ltr'>niensis</span> <span class='ocrx_word' id='word_1_139' title='bbox 337 1996 414 2060; x_wconf 88' lang='lat' dir='ltr'>love</span> <span class='ocrx_word' id='word_1_140' title='bbox 438 1995 606 2082; x_wconf 87' lang='lat' dir='ltr'>Olympiae</span> <span class='ocrx_word' id='word_1_141' title='bbox 628 1998 742 2062; x_wconf 87' lang='lat' dir='ltr'>fact0.“</span> <span class='ocrx_word' id='word_1_142' title='bbox 788 1997 878 2062; x_wconf 88' lang='lat' dir='ltr'>Haec</span> <span class='ocrx_word' id='word_1_143' title='bbox 905 1998 975 2084; x_wconf 90' lang='lat' dir='ltr'>ipsa</span> <span class='ocrx_word' id='word_1_144' title='bbox 1003 2000 1110 2076; x_wconf 89' lang='lat' dir='ltr'>verba,</span> <span class='ocrx_word' id='word_1_145' title='bbox 1137 1997 1321 2081; x_wconf 88' lang='lat' dir='ltr'>interposito</span> <span class='ocrx_word' id='word_1_146' title='bbox 1350 2006 1413 2058; x_wconf 90' lang='lat' dir='ltr'>sta-</span> 
     </span>
     <span class='ocr_line' id='line_1_18' title="bbox 196 2096 1413 2184; baseline -0.002 -23"><span class='ocrx_word' id='word_1_147' title='bbox 196 2096 371 2162; x_wconf 89' lang='lat' dir='ltr'>tuariorum</span> <span class='ocrx_word' id='word_1_148' title='bbox 393 2097 496 2162; x_wconf 88' lang='lat' dir='ltr'>indice</span> <span class='ocrx_word' id='word_1_149' title='bbox 518 2097 748 2184; x_wconf 89' lang='lat' dir='ltr'>chronologico,</span> <span class='ocrx_word' id='word_1_150' title='bbox 773 2101 973 2182; x_wconf 87' lang='lat' dir='ltr'>excipiuntur</span> <span class='ocrx_word' id='word_1_151' title='bbox 995 2100 1013 2183; x_wconf 62' lang='grc' dir='ltr'>ᾗ</span> <span class='ocrx_word' id='word_1_152' title='bbox 1036 2101 1092 2162; x_wconf 79' lang='lat'>54:</span> <span class='ocrx_word' id='word_1_153' title='bbox 1117 2098 1266 2180; x_wconf 85' lang='lat' dir='ltr'>„Phidias</span> <span class='ocrx_word' id='word_1_154' title='bbox 1289 2105 1413 2183; x_wconf 89' lang='lat' dir='ltr'>praeter</span> 
     </span>
     <span class='ocr_line' id='line_1_19' title="bbox 196 2197 1413 2286; baseline 0.001 -22"><span class='ocrx_word' id='word_1_155' title='bbox 196 2197 306 2264; x_wconf 88' lang='lat' dir='ltr'>Iovem</span> <span class='ocrx_word' id='word_1_156' title='bbox 329 2198 523 2284; x_wconf 92' lang='lat' dir='ltr'>Olympium,</span> <span class='ocrx_word' id='word_1_157' title='bbox 551 2224 644 2286; x_wconf 91' lang='lat' dir='ltr'>quem</span> <span class='ocrx_word' id='word_1_158' title='bbox 672 2224 765 2265; x_wconf 92' lang='lat' dir='ltr'>nemo</span> <span class='ocrx_word' id='word_1_159' title='bbox 794 2201 971 2265; x_wconf 90' lang='lat' dir='ltr'>aemulatur</span> <span class='ocrx_word' id='word_1_160' title='bbox 997 2200 1074 2265; x_wconf 85' lang='lat' dir='ltr'>fecit</span> <span class='ocrx_word' id='word_1_161' title='bbox 1096 2251 1103 2264; x_wconf 96' lang='lat'>.</span> <span class='ocrx_word' id='word_1_162' title='bbox 1128 2249 1135 2264; x_wconf 90' lang='lat'>.</span> <span class='ocrx_word' id='word_1_163' title='bbox 1160 2204 1187 2265; x_wconf 84' lang='lat'>.“</span> <span class='ocrx_word' id='word_1_164' title='bbox 1233 2200 1352 2264; x_wconf 88' lang='lat' dir='ltr'>Tamen</span> <span class='ocrx_word' id='word_1_165' title='bbox 1380 2203 1413 2265; x_wconf 97' lang='lat' dir='ltr'>in</span> 
     </span>
     <span class='ocr_line' id='line_1_20' title="bbox 196 2300 1408 2389; baseline 0.001 -25"><span class='ocrx_word' id='word_1_166' title='bbox 196 2300 312 2366; x_wconf 90' lang='lat' dir='ltr'>iudicio</span> <span class='ocrx_word' id='word_1_167' title='bbox 335 2300 409 2365; x_wconf 92' lang='lat' dir='ltr'>huic</span> <span class='ocrx_word' id='word_1_168' title='bbox 431 2323 558 2387; x_wconf 92' lang='lat' dir='ltr'>operum</span> <span class='ocrx_word' id='word_1_169' title='bbox 583 2303 785 2389; x_wconf 87' lang='lat' dir='ltr'>descriptioni</span> <span class='ocrx_word' id='word_1_170' title='bbox 807 2304 988 2369; x_wconf 90' lang='lat' dir='ltr'>subiuncto:</span> <span class='ocrx_word' id='word_1_171' title='bbox 1012 2302 1142 2367; x_wconf 88' lang='lat' dir='ltr'>Phidias</span> <span class='ocrx_word' id='word_1_172' title='bbox 1160 2303 1297 2388; x_wconf 84' lang='lat' dir='ltr'>„primus</span> <span class='ocrx_word' id='word_1_173' title='bbox 1313 2313 1408 2365; x_wconf 90' lang='lat' dir='ltr'>artem</span> 
     </span>
     <span class='ocr_line' id='line_1_21' title="bbox 197 2402 1410 2490; baseline 0.002 -25"><span class='ocrx_word' id='word_1_174' title='bbox 197 2402 371 2467; x_wconf 87' lang='lat' dir='ltr'>toreuticen</span> <span class='ocrx_word' id='word_1_175' title='bbox 395 2403 574 2489; x_wconf 86' lang='lat' dir='ltr'>aperuisse“</span> <span class='ocrx_word' id='word_1_176' title='bbox 599 2404 764 2469; x_wconf 86' lang='lat' dir='ltr'>indicatur.</span> <span class='ocrx_word' id='word_1_177' title='bbox 810 2405 848 2469; x_wconf 92' lang='lat' dir='ltr'>ln</span> <span class='ocrx_word' id='word_1_178' title='bbox 864 2404 1012 2490; x_wconf 88' lang='lat' dir='ltr'>Polycliti</span> <span class='ocrx_word' id='word_1_179' title='bbox 1030 2405 1178 2490; x_wconf 90' lang='lat' dir='ltr'>operibus</span> <span class='ocrx_word' id='word_1_180' title='bbox 1196 2403 1410 2468; x_wconf 89' lang='lat' dir='ltr'>describendis</span> 
     </span>
     <span class='ocr_line' id='line_1_22' title="bbox 197 2503 1411 2592; baseline 0 -23"><span class='ocrx_word' id='word_1_181' title='bbox 197 2526 297 2569; x_wconf 89' lang='lat' dir='ltr'>canon</span> <span class='ocrx_word' id='word_1_182' title='bbox 320 2503 370 2568; x_wconf 92' lang='lat' dir='ltr'>his</span> <span class='ocrx_word' id='word_1_183' title='bbox 393 2503 497 2568; x_wconf 88' lang='lat' dir='ltr'>verbis</span> <span class='ocrx_word' id='word_1_184' title='bbox 520 2505 709 2569; x_wconf 88' lang='lat' dir='ltr'>celebratur:</span> <span class='ocrx_word' id='word_1_185' title='bbox 735 2505 829 2586; x_wconf 83' lang='lat' dir='ltr'>,fecit</span> <span class='ocrx_word' id='word_1_186' title='bbox 851 2514 883 2571; x_wconf 92' lang='lat' dir='ltr'>et</span> <span class='ocrx_word' id='word_1_187' title='bbox 901 2529 992 2592; x_wconf 90' lang='lat' dir='ltr'>quern</span> <span class='ocrx_word' id='word_1_188' title='bbox 1009 2527 1129 2571; x_wconf 89' lang='lat' dir='ltr'>canona</span> <span class='ocrx_word' id='word_1_189' title='bbox 1144 2505 1281 2569; x_wconf 89' lang='lat' dir='ltr'>artifices</span> <span class='ocrx_word' id='word_1_190' title='bbox 1296 2515 1411 2569; x_wconf 87' lang='lat' dir='ltr'>vocant</span> 
     </span>
     <span class='ocr_line' id='line_1_23' title="bbox 196 2605 1409 2692; baseline 0 -23"><span class='ocrx_word' id='word_1_191' title='bbox 196 2605 379 2672; x_wconf 85' lang='lat' dir='ltr'>liniamenta</span> <span class='ocrx_word' id='word_1_192' title='bbox 405 2606 480 2670; x_wconf 88' lang='lat' dir='ltr'>artis</span> <span class='ocrx_word' id='word_1_193' title='bbox 508 2628 548 2670; x_wconf 91' lang='lat' dir='ltr'>ex</span> <span class='ocrx_word' id='word_1_194' title='bbox 574 2629 611 2671; x_wconf 86' lang='lat' dir='ltr'>eo</span> <span class='ocrx_word' id='word_1_195' title='bbox 637 2617 781 2691; x_wconf 90' lang='lat' dir='ltr'>petentes</span> <span class='ocrx_word' id='word_1_196' title='bbox 806 2607 903 2671; x_wconf 88' lang='lat' dir='ltr'>veluti</span> <span class='ocrx_word' id='word_1_197' title='bbox 931 2629 947 2670; x_wconf 94' lang='lat' dir='ltr'>e</span> <span class='ocrx_word' id='word_1_198' title='bbox 974 2607 1043 2692; x_wconf 89' lang='lat' dir='ltr'>lege</span> <span class='ocrx_word' id='word_1_199' title='bbox 1070 2606 1238 2692; x_wconf 82' lang='lat' dir='ltr'>quadam“.</span> <span class='ocrx_word' id='word_1_200' title='bbox 1284 2605 1409 2687; x_wconf 77' lang='lat' dir='ltr'>Quibus</span> 
     </span>
     <span class='ocr_line' id='line_1_24' title="bbox 196 2706 1410 2794; baseline -0.002 -22"><span class='ocrx_word' id='word_1_201' title='bbox 196 2707 303 2772; x_wconf 86' lang='lat' dir='ltr'>verbis</span> <span class='ocrx_word' id='word_1_202' title='bbox 327 2729 395 2771; x_wconf 91' lang='lat' dir='ltr'>cum</span> <span class='ocrx_word' id='word_1_203' title='bbox 412 2706 560 2792; x_wconf 90' lang='lat' dir='ltr'>Polycliti</span> <span class='ocrx_word' id='word_1_204' title='bbox 583 2710 765 2793; x_wconf 83' lang='lat' dir='ltr'>symmetria</span> <span class='ocrx_word' id='word_1_205' title='bbox 787 2708 955 2794; x_wconf 85' lang='lat' dir='ltr'>purissima</span> <span class='ocrx_word' id='word_1_206' title='bbox 976 2720 1007 2773; x_wconf 90' lang='lat' dir='ltr'>et</span> <span class='ocrx_word' id='word_1_207' title='bbox 1028 2709 1202 2772; x_wconf 89' lang='lat' dir='ltr'>imitatione</span> <span class='ocrx_word' id='word_1_208' title='bbox 1225 2707 1410 2790; x_wconf 90' lang='lat' dir='ltr'>dignissima</span> 
     </span>
     <span class='ocr_line' id='line_1_25' title="bbox 197 2808 1409 2893; baseline -0.002 -20"><span class='ocrx_word' id='word_1_209' title='bbox 197 2808 409 2889; x_wconf 84' lang='lat' dir='ltr'>existimetur,</span> <span class='ocrx_word' id='word_1_210' title='bbox 436 2809 599 2873; x_wconf 85' lang='lat' dir='ltr'>offendunt</span> <span class='ocrx_word' id='word_1_211' title='bbox 625 2811 724 2874; x_wconf 86' lang='lat' dir='ltr'>verba</span> <span class='ocrx_word' id='word_1_212' title='bbox 750 2810 782 2873; x_wconf 93' lang='lat' dir='ltr'>in</span> <span class='ocrx_word' id='word_1_213' title='bbox 809 2810 926 2873; x_wconf 88' lang='lat' dir='ltr'>iudicio</span> <span class='ocrx_word' id='word_1_214' title='bbox 955 2810 1071 2893; x_wconf 90' lang='lat' dir='ltr'>posita:</span> <span class='ocrx_word' id='word_1_215' title='bbox 1109 2808 1282 2893; x_wconf 87' lang='lat' dir='ltr'>„quadrata</span> <span class='ocrx_word' id='word_1_216' title='bbox 1304 2818 1409 2871; x_wconf 90' lang='lat' dir='ltr'>tamen</span> 
     </span>
     <span class='ocr_line' id='line_1_26' title="bbox 197 2908 1409 2996; baseline -0.002 -22"><span class='ocrx_word' id='word_1_217' title='bbox 197 2919 323 2974; x_wconf 89' lang='lat' dir='ltr'>suntet</span> <span class='ocrx_word' id='word_1_218' title='bbox 345 2932 445 2996; x_wconf 86' lang='lat' dir='ltr'>paene</span> <span class='ocrx_word' id='word_1_219' title='bbox 468 2908 509 2973; x_wconf 91' lang='lat' dir='ltr'>ad</span> <span class='ocrx_word' id='word_1_220' title='bbox 532 2933 628 2974; x_wconf 87' lang='lat' dir='ltr'>unum</span> <span class='ocrx_word' id='word_1_221' title='bbox 650 2910 861 2996; x_wconf 88' lang='lat' dir='ltr'>exemplum.“</span> <span class='ocrx_word' id='word_1_222' title='bbox 906 2908 979 2972; x_wconf 91' lang='lat' dir='ltr'>Hoc</span> <span class='ocrx_word' id='word_1_223' title='bbox 1004 2909 1106 2994; x_wconf 87' lang='lat' dir='ltr'>ipsum</span> <span class='ocrx_word' id='word_1_224' title='bbox 1129 2908 1268 2973; x_wconf 90' lang='lat' dir='ltr'>Plinium</span> <span class='ocrx_word' id='word_1_225' title='bbox 1289 2908 1409 2992; x_wconf 77' lang='lat' dir='ltr'>fugisse</span> 
     </span>
     <span class='ocr_line' id='line_1_27' title="bbox 196 3009 1409 3098; baseline -0.001 -23"><span class='ocrx_word' id='word_1_226' title='bbox 196 3034 261 3076; x_wconf 92' lang='lat' dir='ltr'>non</span> <span class='ocrx_word' id='word_1_227' title='bbox 281 3011 416 3091; x_wconf 82' lang='lat' dir='ltr'>ridetur,</span> <span class='ocrx_word' id='word_1_228' title='bbox 439 3033 540 3098; x_wconf 88' lang='lat' dir='ltr'>neque</span> <span class='ocrx_word' id='word_1_229' title='bbox 563 3013 660 3077; x_wconf 89' lang='lat' dir='ltr'>verba</span> <span class='ocrx_word' id='word_1_230' title='bbox 685 3034 723 3076; x_wconf 88' lang='lat' dir='ltr'>ea</span> <span class='ocrx_word' id='word_1_231' title='bbox 748 3009 931 3095; x_wconf 89' lang='lat' dir='ltr'>recipienda</span> <span class='ocrx_word' id='word_1_232' title='bbox 954 3032 1022 3074; x_wconf 91' lang='lat' dir='ltr'>esse</span> <span class='ocrx_word' id='word_1_233' title='bbox 1044 3011 1175 3096; x_wconf 86' lang='lat' dir='ltr'>putavit,</span> <span class='ocrx_word' id='word_1_234' title='bbox 1199 3009 1261 3073; x_wconf 90' lang='lat' dir='ltr'>nisi</span> <span class='ocrx_word' id='word_1_235' title='bbox 1282 3020 1409 3074; x_wconf 88' lang='lat' dir='ltr'>auctore</span> 
     </span>
     <span class='ocr_line' id='line_1_28' title="bbox 196 3112 314 3178; baseline 0.008 -1"><span class='ocrx_word' id='word_1_236' title='bbox 196 3112 314 3178; x_wconf 86' lang='lat' dir='ltr'>addito.</span> 
     </span>
    </p>

    <p class='ocr_par' dir='ltr' id='par_1_4' title="bbox 196 3212 1410 4008">
     <span class='ocr_line' id='line_1_29' title="bbox 282 3212 1410 3293; baseline -0.004 -14"><span class='ocrx_word' id='word_1_237' title='bbox 282 3213 406 3281; x_wconf 89' lang='lat' dir='ltr'>Deinde</span> <span class='ocrx_word' id='word_1_238' title='bbox 432 3214 551 3279; x_wconf 88' lang='lat' dir='ltr'>iudicia</span> <span class='ocrx_word' id='word_1_239' title='bbox 580 3215 620 3279; x_wconf 92' lang='lat' dir='ltr'>de</span> <span class='ocrx_word' id='word_1_240' title='bbox 640 3215 804 3279; x_wconf 89' lang='lat' dir='ltr'>fictoribus</span> <span class='ocrx_word' id='word_1_241' title='bbox 832 3213 865 3277; x_wconf 92' lang='lat' dir='ltr'>in</span> <span class='ocrx_word' id='word_1_242' title='bbox 889 3212 1096 3293; x_wconf 75' lang='lat' dir='ltr'>Quinctilium</span> <span class='ocrx_word' id='word_1_243' title='bbox 1118 3213 1199 3278; x_wconf 91' lang='lat' dir='ltr'>libro</span> <span class='ocrx_word' id='word_1_244' title='bbox 1221 3212 1288 3276; x_wconf 86' lang='lat' dir='ltr'>XII</span> <span class='ocrx_word' id='word_1_245' title='bbox 1310 3213 1410 3276; x_wconf 85' lang='lat' dir='ltr'>relata</span> 
     </span>
     <span class='ocr_line' id='line_1_30' title="bbox 196 3313 1409 3401; baseline -0.002 -21"><span class='ocrx_word' id='word_1_246' title='bbox 196 3314 297 3399; x_wconf 80' lang='lat' dir='ltr'>magis</span> <span class='ocrx_word' id='word_1_247' title='bbox 319 3316 397 3381; x_wconf 90' lang='lat' dir='ltr'>artis</span> <span class='ocrx_word' id='word_1_248' title='bbox 420 3316 643 3381; x_wconf 83' lang='lat' dir='ltr'>existimatoris</span> <span class='ocrx_word' id='word_1_249' title='bbox 665 3324 759 3401; x_wconf 86' lang='lat' dir='ltr'>atque</span> <span class='ocrx_word' id='word_1_250' title='bbox 782 3314 860 3380; x_wconf 86' lang='lat' dir='ltr'>adeo</span> <span class='ocrx_word' id='word_1_251' title='bbox 884 3313 1062 3400; x_wconf 90' lang='lat' dir='ltr'>philosophi</span> <span class='ocrx_word' id='word_1_252' title='bbox 1085 3314 1124 3378; x_wconf 89' lang='lat' dir='ltr'>de</span> <span class='ocrx_word' id='word_1_253' title='bbox 1139 3324 1205 3378; x_wconf 88' lang='lat' dir='ltr'>arte</span> <span class='ocrx_word' id='word_1_254' title='bbox 1227 3313 1409 3377; x_wconf 87' lang='lat' dir='ltr'>meditantis</span> 
     </span>
     <span class='ocr_line' id='line_1_31' title="bbox 197 3416 1410 3501; baseline -0.001 -22"><span class='ocrx_word' id='word_1_255' title='bbox 197 3437 294 3500; x_wconf 92' lang='lat' dir='ltr'>quam</span> <span class='ocrx_word' id='word_1_256' title='bbox 309 3418 438 3482; x_wconf 88' lang='lat' dir='ltr'>artificis</span> <span class='ocrx_word' id='word_1_257' title='bbox 453 3418 600 3484; x_wconf 86' lang='lat' dir='ltr'>videntur</span> <span class='ocrx_word' id='word_1_258' title='bbox 622 3440 703 3499; x_wconf 85' lang='lat' dir='ltr'>esse,</span> <span class='ocrx_word' id='word_1_259' title='bbox 724 3417 757 3480; x_wconf 93' lang='lat' dir='ltr'>id</span> <span class='ocrx_word' id='word_1_260' title='bbox 773 3417 937 3501; x_wconf 86' lang='lat' dir='ltr'>quodiam</span> <span class='ocrx_word' id='word_1_261' title='bbox 953 3416 978 3480; x_wconf 87' lang='lat' dir='ltr'>F</span> <span class='ocrx_word' id='word_1_262' title='bbox 981 3416 1226 3498; x_wconf 89' lang='lat' dir='ltr'>urtwaenglerus</span> <span class='ocrx_word' id='word_1_263' title='bbox 1248 3416 1410 3500; x_wconf 85' lang='lat' dir='ltr'>perspexit</span> 
     </span>
     <span class='ocr_line' id='line_1_32' title="bbox 197 3515 1409 3606; baseline -0.002 -26"><span class='ocrx_word' id='word_1_264' title='bbox 197 3516 233 3599; x_wconf 91' lang='lat' dir='ltr'>(l.</span> <span class='ocrx_word' id='word_1_265' title='bbox 256 3516 276 3581; x_wconf 93' lang='lat' dir='ltr'>l.</span> <span class='ocrx_word' id='word_1_266' title='bbox 299 3541 330 3606; x_wconf 90' lang='lat' dir='ltr'>p.</span> <span class='ocrx_word' id='word_1_267' title='bbox 347 3520 413 3602; x_wconf 83' lang='lat'>71).</span> <span class='ocrx_word' id='word_1_268' title='bbox 456 3519 540 3584; x_wconf 92' lang='lat' dir='ltr'>Nam</span> <span class='ocrx_word' id='word_1_269' title='bbox 562 3520 663 3584; x_wconf 90' lang='lat' dir='ltr'>ineis</span> <span class='ocrx_word' id='word_1_270' title='bbox 686 3519 726 3583; x_wconf 93' lang='lat' dir='ltr'>de</span> <span class='ocrx_word' id='word_1_271' title='bbox 748 3519 941 3603; x_wconf 87' lang='lat' dir='ltr'>symmetria,</span> <span class='ocrx_word' id='word_1_272' title='bbox 964 3517 1003 3580; x_wconf 90' lang='lat' dir='ltr'>de</span> <span class='ocrx_word' id='word_1_273' title='bbox 1025 3539 1154 3603; x_wconf 91' lang='lat' dir='ltr'>operum</span> <span class='ocrx_word' id='word_1_274' title='bbox 1176 3516 1307 3599; x_wconf 88' lang='lat' dir='ltr'>argutiis</span> <span class='ocrx_word' id='word_1_275' title='bbox 1331 3515 1409 3578; x_wconf 91' lang='lat' dir='ltr'>nihil</span> 
     </span>
     <span class='ocr_line' id='line_1_33' title="bbox 196 3616 1408 3706; baseline -0.003 -23"><span class='ocrx_word' id='word_1_276' title='bbox 196 3619 388 3706; x_wconf 83' lang='lat' dir='ltr'>praecipitur</span> <span class='ocrx_word' id='word_1_277' title='bbox 409 3629 441 3685; x_wconf 91' lang='lat' dir='ltr'>et</span> <span class='ocrx_word' id='word_1_278' title='bbox 462 3620 609 3702; x_wconf 85' lang='lat' dir='ltr'>traditur,</span> <span class='ocrx_word' id='word_1_279' title='bbox 633 3619 690 3685; x_wconf 91' lang='lat' dir='ltr'>sed</span> <span class='ocrx_word' id='word_1_280' title='bbox 712 3642 795 3705; x_wconf 87' lang='lat' dir='ltr'>quae</span> <span class='ocrx_word' id='word_1_281' title='bbox 816 3619 915 3703; x_wconf 92' lang='lat' dir='ltr'>ipsius</span> <span class='ocrx_word' id='word_1_282' title='bbox 945 3618 1021 3682; x_wconf 87' lang='lat' dir='ltr'>artis</span> <span class='ocrx_word' id='word_1_283' title='bbox 1049 3617 1272 3701; x_wconf 91' lang='lat' dir='ltr'>cuiuscumque</span> <span class='ocrx_word' id='word_1_284' title='bbox 1295 3616 1408 3679; x_wconf 87' lang='lat' dir='ltr'>aetatis</span> 
     </span>
     <span class='ocr_line' id='line_1_34' title="bbox 196 3715 1408 3807; baseline -0.005 -23"><span class='ocrx_word' id='word_1_285' title='bbox 196 3719 277 3785; x_wconf 84' lang='lat' dir='ltr'>ratio</span> <span class='ocrx_word' id='word_1_286' title='bbox 299 3731 331 3785; x_wconf 90' lang='lat' dir='ltr'>et</span> <span class='ocrx_word' id='word_1_287' title='bbox 353 3720 496 3786; x_wconf 87' lang='lat' dir='ltr'>voluntas</span> <span class='ocrx_word' id='word_1_288' title='bbox 517 3722 620 3804; x_wconf 87' lang='lat' dir='ltr'>fuerit,</span> <span class='ocrx_word' id='word_1_289' title='bbox 642 3722 817 3807; x_wconf 85' lang='lat' dir='ltr'>exponitur.</span> <span class='ocrx_word' id='word_1_290' title='bbox 864 3719 1013 3800; x_wconf 87' lang='lat' dir='ltr'>Accedit,</span> <span class='ocrx_word' id='word_1_291' title='bbox 1046 3718 1130 3805; x_wconf 85' lang='lat' dir='ltr'>quod</span> <span class='ocrx_word' id='word_1_292' title='bbox 1159 3719 1202 3782; x_wconf 89' lang='lat' dir='ltr'>eis</span> <span class='ocrx_word' id='word_1_293' title='bbox 1229 3715 1307 3800; x_wconf 90' lang='lat' dir='ltr'>ipsis</span> <span class='ocrx_word' id='word_1_294' title='bbox 1330 3727 1408 3778; x_wconf 89' lang='lat' dir='ltr'>tem-</span> 
     </span>
     <span class='ocr_line' id='line_1_35' title="bbox 196 3819 1407 3908; baseline -0.003 -23"><span class='ocrx_word' id='word_1_295' title='bbox 196 3821 336 3908; x_wconf 88' lang='lat' dir='ltr'>poribus,</span> <span class='ocrx_word' id='word_1_296' title='bbox 359 3822 475 3908; x_wconf 91' lang='lat' dir='ltr'>quibus</span> <span class='ocrx_word' id='word_1_297' title='bbox 497 3845 517 3886; x_wconf 91' lang='lat' dir='ltr'>a</span> <span class='ocrx_word' id='word_1_298' title='bbox 537 3825 635 3887; x_wconf 89' lang='lat' dir='ltr'>nimia</span> <span class='ocrx_word' id='word_1_299' title='bbox 655 3821 788 3908; x_wconf 88' lang='lat' dir='ltr'>Lysippi</span> <span class='ocrx_word' id='word_1_300' title='bbox 810 3819 1017 3885; x_wconf 87' lang='lat' dir='ltr'>admiratione</span> <span class='ocrx_word' id='word_1_301' title='bbox 1044 3820 1260 3882; x_wconf 88' lang='lat' dir='ltr'>discessissent</span> <span class='ocrx_word' id='word_1_302' title='bbox 1282 3827 1407 3881; x_wconf 90' lang='lat' dir='ltr'>senten-</span> 
     </span>
     <span class='ocr_line' id='line_1_36' title="bbox 196 3917 1408 4008; baseline -0.003 -22"><span class='ocrx_word' id='word_1_303' title='bbox 196 3921 269 4004; x_wconf 81' lang='lat' dir='ltr'>tiae,</span> <span class='ocrx_word' id='word_1_304' title='bbox 282 3923 312 4003; x_wconf 88' lang='lat'>¹)</span> <span class='ocrx_word' id='word_1_305' title='bbox 334 3922 466 3988; x_wconf 85' lang='lat' dir='ltr'>Phidias</span> <span class='ocrx_word' id='word_1_306' title='bbox 488 3933 590 3988; x_wconf 83' lang='lat' dir='ltr'>autem</span> <span class='ocrx_word' id='word_1_307' title='bbox 615 3932 647 3988; x_wconf 89' lang='lat' dir='ltr'>et</span> <span class='ocrx_word' id='word_1_308' title='bbox 667 3922 842 4008; x_wconf 89' lang='lat' dir='ltr'>Polyclitus</span> <span class='ocrx_word' id='word_1_309' title='bbox 864 3922 896 3985; x_wconf 92' lang='lat' dir='ltr'>in</span> <span class='ocrx_word' id='word_1_310' title='bbox 926 3942 1080 3985; x_wconf 90' lang='lat' dir='ltr'>summum</span> <span class='ocrx_word' id='word_1_311' title='bbox 1111 3919 1216 3982; x_wconf 92' lang='lat' dir='ltr'>locum</span> <span class='ocrx_word' id='word_1_312' title='bbox 1239 3917 1408 3983; x_wconf 88' lang='lat' dir='ltr'>succedere</span> 
     </span>
    </p>
   </div>
   <div class='ocr_carea' id='block_1_4' title="bbox 196 4077 399 4088">
    <p class='ocr_par' dir='ltr' id='par_1_5' title="bbox 196 4077 399 4088">
     <span class='ocr_line' id='line_1_37' title="bbox 196 4077 399 4088; baseline 0.005 -1"><span class='ocrx_word' id='word_1_313' title='bbox 196 4077 399 4088; x_wconf 51' lang='lat'>*—</span> 
     </span>
    </p>
   </div>
   <div class='ocr_carea' id='block_1_5' title="bbox 197 4153 1406 4314">
    <p class='ocr_par' dir='ltr' id='par_1_6' title="bbox 197 4153 1406 4314">
     <span class='ocr_line' id='line_1_38' title="bbox 205 4153 1406 4230; baseline -0.006 -15"><span class='ocrx_word' id='word_1_314' title='bbox 205 4190 208 4195; x_wconf 89' lang='lat'><em>·</em></span> <span class='ocrx_word' id='word_1_315' title='bbox 265 4160 379 4229; x_wconf 78' lang='lat' dir='ltr'>1)1nter</span> <span class='ocrx_word' id='word_1_316' title='bbox 397 4162 509 4230; x_wconf 84' lang='lat' dir='ltr'>pictores</span> <span class='ocrx_word' id='word_1_317' title='bbox 527 4176 588 4215; x_wconf 81' lang='lat' dir='ltr'>vcro</span> <span class='ocrx_word' id='word_1_318' title='bbox 601 4163 704 4230; x_wconf 83' lang='lat' dir='ltr'>Apelles</span> <span class='ocrx_word' id='word_1_319' title='bbox 722 4176 822 4229; x_wconf 82' lang='lat' dir='ltr'>semper</span> <span class='ocrx_word' id='word_1_320' title='bbox 838 4159 927 4212; x_wconf 83' lang='lat' dir='ltr'>eudem</span> <span class='ocrx_word' id='word_1_321' title='bbox 944 4158 1025 4226; x_wconf 80' lang='lat' dir='ltr'>gloria</span> <span class='ocrx_word' id='word_1_322' title='bbox 1042 4155 1161 4209; x_wconf 86' lang='lat' dir='ltr'>floruisse</span> <span class='ocrx_word' id='word_1_323' title='bbox 1181 4156 1283 4208; x_wconf 87' lang='lat' dir='ltr'>videtur</span> <span class='ocrx_word' id='word_1_324' title='bbox 1299 4154 1340 4221; x_wconf 81' lang='lat' dir='ltr'>(ef.</span> <span class='ocrx_word' id='word_1_325' title='bbox 1353 4153 1406 4208; x_wconf 86' lang='lat' dir='ltr'>Gic.</span> 
     </span>
     <span class='ocr_line' id='line_1_39' title="bbox 197 4241 1112 4314; baseline -0.009 -11"><span class='ocrx_word' id='word_1_326' title='bbox 197 4252 262 4303; x_wconf 74' lang='lat' dir='ltr'>ortt.</span> <span class='ocrx_word' id='word_1_327' title='bbox 279 4247 305 4304; x_wconf 78' lang='lat'>8.</span> <span class='ocrx_word' id='word_1_328' title='bbox 323 4248 355 4301; x_wconf 84' lang='lat' dir='ltr'>de</span> <span class='ocrx_word' id='word_1_329' title='bbox 372 4251 437 4302; x_wconf 78' lang='lat' dir='ltr'>orat.</span> <span class='ocrx_word' id='word_1_330' title='bbox 454 4247 500 4309; x_wconf 89' lang='lat'>111,</span> <span class='ocrx_word' id='word_1_331' title='bbox 517 4247 560 4302; x_wconf 78' lang='lat'>26.</span> <span class='ocrx_word' id='word_1_332' title='bbox 595 4247 703 4300; x_wconf 76' lang='lat' dir='ltr'>Lucian.</span> <span class='ocrx_word' id='word_1_333' title='bbox 720 4247 798 4314; x_wconf 81' lang='lat' dir='ltr'>imag.</span> <span class='ocrx_word' id='word_1_334' title='bbox 815 4244 841 4298; x_wconf 78' lang='lat' dir='ltr'>t.</span> <span class='ocrx_word' id='word_1_335' title='bbox 876 4244 943 4295; x_wconf 85' lang='lat' dir='ltr'>Plin.</span> <span class='ocrx_word' id='word_1_336' title='bbox 961 4246 1041 4310; x_wconf 78' lang='lat' dir='ltr'>prael.</span> <span class='ocrx_word' id='word_1_337' title='bbox 1058 4241 1112 4309; x_wconf 78' lang='lat'>26).</span> 
     </span>
    </p>
   </div>
   <div class='ocr_carea' id='block_1_6' title="bbox 0 0 1621 4822">
    <p class='ocr_par' dir='ltr' id='par_1_7' title="bbox 0 0 1621 4822">
     <span class='ocr_line' id='line_1_40' title="bbox 0 0 1621 4822; baseline 0 0"><span class='ocrx_word' id='word_1_338' title='bbox 0 0 1621 4822; x_wconf 95' lang='lat' dir='ltr'> </span> 
     </span>
    </p>
   </div>
  </div>
 </body>
</html>
