3232 4822
797 286 818 346 '7

198 449 374 534 pictoribus
398 471 538 514 seorsum
562 471 581 512 a
603 450 715 514 ceteris
739 450 914 517 artificibus
936 469 1041 533 agere,
1065 449 1235 513 sedetiam
1261 448 1420 513 11444414-4

195 550 327 630 toribus,
351 549 471 635 plastis,
494 550 664 632 statuariis,
681 540 862 635 marmoris·
875 551 1086 641 scalptoribus
1107 549 1241 616 diversis
1257 549 1337 615 locis
1354 549 1418 615 dis-

197 673 309 731 serere,
344 650 448 715 facere
475 674 538 714 non
565 651 678 736 potuit,
713 652 904 716 ut‘fontium
927 674 1056 716 suorum
1079 651 1320 738 dispositionem
1341 653 1417 716 reti-

194 763 292 831 neret,
316 751 377 815 nisi
400 751 506 816 eadem
532 753 657 834 saepius
674 776 731 838 per
746 754 887 839 singulos
902 754 1001 818 libros
1018 763 1153 852 tractare
1169 753 1272 828 vellet.
1305 753 1418 840 Itaque
1515 783 1518 789 ·

196 877 234 917 ea
255 855 326 939 ipsa
347 876 381 917 re
404 852 560 918 adductus
582 854 808 936 esselvidetun
832 864 867 919 ut
890 877 972 940 quae
994 852 1179 940 praesertim
1196 855 1235 934 de
1250 855 1327 920 artis
1344 877 1419 942 ope-

195 956 284 1020 ribus
318 955 403 1042 apud
430 955 579 1029 ¹diversos
612 966 757 1020 auctores
779 951 973 1038 invenisset,
998 957 1131 1041 singulis
1154 957 1214 1020 sub
1236 956 1417 1022 nominibus

200 1056 252 1120 vel
274 1058 372 1122 titulis
395 1067 528 1121 notaret.
573 1057 648 1122 Jam
670 1080 740 1123 cum
765 1060 906 1122 minores
925 1058 1061 1142 artifices
1087 1058 1157 1140 „vel
1179 1059 1212 1121 in
1234 1068 1417 1123 transcursu

196 1159 282 1222 etin
305 1160 439 1223 aliorum
461 1160 620 1223 mentione
642 1160 746 1224 obiter
767 1159 979 1241 nominasse“,
1010 1161 1087 1225 satis
1111 1160 1140 1224 ei
1163 1159 1325 1231 videretur
1347 1181 1418 1224 esse

197 1261 263 1342 (35,
287 1261 353 1343 53),
377 1271 494 1343 tamen,
515 1283 555 1324 ne
578 1261 663 1347 quid,
688 1261 773 1347 quod
795 1261 828 1324 in
851 1262 1008 1348 excerptis
1031 1261 1152 1342 fuisset,
1175 1263 1208 1324 in
1230 1261 1299 1346 ipso
1323 1283 1417 1346 opere

197 1361 366 1441 omitteret,
403 1363 481 1427 adeo
515 1385 609 1428 curae
642 1363 784 1443 haberet,
820 1373 854 1428 ut
877 1365 927 1443 35,
955 1365 1013 1427 146
1046 1363 1139 1427 ‘etiam
1171 1363 1239 1427 sola
1261 1362 1419 1447 pictorum

195 1463 324 1526 nomina
356 1464 449 1526 nullis
482 1464 630 1549 operibus
653 1463 768 1530 additis
792 1476 999 1545 enumeraret,
1023 1478 1054 1528 et
1077 1463 1365 1529 commodissimum
1387 1474 1419 1528 et

196 1565 418 1629 brevissimum
444 1588 514 1630 esse
541 1565 742 1646 existimavit,
778 1568 918 1648 exceptis
941 1589 1073 1652 operum
1095 1565 1291 1629 claritatibus
1314 1577 1419 1630 cetera

196 1665 356 1730 indicibus
372 1666 543 1730 secundum
559 1667 720 1731 literarum
745 1668 890 1732 ordinem
914 1667 1075 1751 dispositis
1092 1688 1285 1730 enumerare.
1322 1665 1418 1731 Eius·
1485 1726 1493 1737 ,

196 1767 283 1831 modi
315 1767 435 1832 indices
470 1791 553 1849 vero,
588 1768 1291 1848 4411411414ΧΧΧ1111141111114111411141,
1326 1767 1418 1832 facile

197 1867 269 1933 inde
292 1869 486 1955 explanatur,
509 1869 592 1955 quod
610 1870 732 1934 Plinius
754 1871 786 1935 in
809 1871 967 1958 excerptis
995 1870 1060 1934 suis
1086 1869 1259 1953 scalptores
1277 1868 1417 1943 nondum

196 1991 215 2031 a
247 1970 408 2034 statuariis
442 1983 650 2056 separaverat.
694 1971 806 2058 Itaque
837 1995 909 2036 cum
936 1973 1062 2035 fictores
1084 1971 1179 2034 etiam
1200 1969 1414 2054 ignobiliores,

195 2071 380 2156 quiquidem
403 2095 442 2136 ex
464 2095 537 2137 aere
560 2095 656 2158 opera
677 2073 836 2154 fecissent,
860 2074 893 2136 in
915 2073 996 2137 libro
1019 2069 1170 2136 XXXIV
1196 2094 1304 2136 omnes
1331 2094 1415 2136 eom-

196 2174 446 2255 memoravisset,
480 2173 617 2254 eosdem,
652 2197 724 2238 cum
752 2196 868 2258 magna
901 2196 1009 2237 eorum
1041 2194 1115 2257 pars
1148 2173 1230 2235 inter
1252 2172 1415 2236 marmoris

197 2294 322 2358 quoque
345 2276 519 2360 scalptores
541 2275 706 2339 referenda
729 2286 821 2353 esset,
844 2274 878 2338 in
899 2275 981 2339 libro
1004 2272 1156 2337 XXXVI
1177 2273 1292 2337 iterum
1306 2272 1415 2336 afferre

195 2374 304 2439 noluit.
336 2375 524 2460 Complures
539 2386 654 2457 tamen,
671 2398 864 2461 quamquam
879 2398 943 2439 non
957 2375 991 2439 in
1006 2375 1186 2459 insignibus
1200 2383 1415 2452 numerantur,

196 2499 258 2539 non
270 2477 514 2563 praetereundos
526 2500 595 2543 esse
608 2478 738 2555 censuit,
752 2477 834 2542 sicut
840 2475 1026 2544 Canachum
1038 2476 1180 2558 (invenio
1192 2473 1413 2539 ett'anaohum

196 2577 360 2642 laudatum
392 2579 474 2641 inter
506 2579 675 2642 statuarios
706 2579 818 2642 fecisse
850 2600 1008 2642 marmora
1040 2577 1091 2653 36,
1117 2578 1184 2659 41),
1218 2573 1416 2641 Calamidem

196 2679 402 2759 (caelatorem
433 2680 522 2744 illum
544 2681 594 2760 36,
619 2682 686 2761 36),
722 2680 808 2744 alios.
854 2678 928 2759 Qua
962 2678 1000 2743 de
1034 2699 1129 2742 causa
1161 2678 1208 2757 fit,
1243 2687 1286 2756 ut,
1320 2698 1416 2762 opera

196 2803 302 2844 eorum
326 2783 381 2868 qui
403 2783 453 2862 34,
478 2784 611 2847 72-91
646 2782 815 2846 laudantur
848 2781 1012 2860 artificum,
1046 2803 1122 2843 num
1150 2777 1256 2842 omnia
1283 2799 1322 2841 ex
1343 2800 1415 2842 aere

196 2884 280 2947 facta
301 2883 427 2962 fuerint,
450 2884 579 2948 minime
603 2894 748 2947 constare
770 2883 925 2948 videatur.

281 2985 355 3048 Jant
387 3009 461 3050 vero
495 3007 577 3063 curn,
611 2986 738 3069 quinam
772 2984 875 3050 fontes
902 2984 1003 3048 ineis
1027 2981 1205 3068 dequibus
1229 2979 1415 3045 disserimus

196 3088 339 3172 partibus
354 3087 480 3166 fuerint,
502 3086 707 3171 inquiramus,
732 3085 916 3152 Cornelium
931 3084 1091 3170 Nepotem
1111 3095 1194 3147 certe
1209 3083 1243 3145 in
1257 3081 1415 3146 indicibus

196 3188 258 3252 illis
280 3211 343 3252 non
366 3189 497 3252 multum
511 3188 543 3250 in
561 3211 653 3253 usum
667 3198 811 3252 vocaturn
828 3209 906 3268 esse,
929 3209 969 3251 ne
984 3185 1019 3249 in
1034 3183 1115 3249 libro
1133 3182 1265 3247 XXXV
1281 3181 1417 3268 quidem,

196 3289 290 3354 facile
322 3288 521 3355 concedetur.
566 3288 718 3353 Muciano
741 3299 854 3368 autem,
888 3310 969 3373 quae
992 3280 1160 3351 tribuenda
1181 3294 1298 3363 essent,
1332 3292 1417 3347 recte

196 3393 261 3455 iam
284 3391 444 3477 perspexit
465 3390 733 3473 L.Brunnius1),
768 3412 863 3474 quem
895 3389 928 3452 in
951 3389 1090 3451 maxima
1112 3385 1240 3473 quidem
1263 3408 1297 3450 re
1320 3386 1418 3449 secuti

198 3502 271 3557 sunt
284 3493 559 3576 Furtwaenglerus
582 3503 614 3556 et
629 3490 885 3555 Oehmichenius.
925 3489 990 3554 Sed
1009 3509 1190 3568 4414411144,
1213 3509 1253 3550 114
1268 3487 1301 3550 14
1317 3486 1419 3550 4111111-

197 3595 257 3659 bus
290 3594 346 3680 qui
379 3593 419 3656 ad
441 3595 552 3658 Asiam
587 3603 618 3659 et
650 3593 795 3677 regiones
823 3591 974 3655 finitimas
999 3598 1145 3675 spectant
1166 3588 1243 3652 locis
1266 3609 1338 3651 eum
1362 3584 1416 3649 ad-

197 3697 330 3760 hibitum
365 3718 435 3760 esse
468 3719 536 3759 cum
571 3693 801 3759 Oehmichenio
835 3693 999 3757 faciamus.
1043 3691 1135 3766 Nam,
1169 3699 1204 3753 ut
1237 3687 1417 3772 exemplum

196 3797 337 3878 afferam,
360 3796 580 3883 Euphranoris
595 3795 716 3876 UlixeS,
740 3795 794 3880 qui
809 3794 929 3881 Ephesi
952 3803 1028 3872 erat,
1052 3803 1138 3856 certe
1160 3813 1222 3855 non
1242 3789 1298 3867 1111,
1321 3788 1417 3851 1111144

197 3898 327 3962 Pasiteli
349 3897 534 3963 tribuendus
557 3908 613 3962 est.
649 3896 738 3979 (Plin
761 3898 812 3974 35,
839 3895 924 3976 129).
970 3892 1114 3958 Canachi
1138 3891 1317 3980 Apollinem
1340 3911 1416 3953 vero

196 4000 262 4081 (34,
280 3999 346 4081 75),
369 3999 528 4064 Theodori
550 4010 683 4063 statuam
708 3999 749 4062 ab
772 3998 841 4082 ipso
864 3996 984 4061 artifice
999 4017 1039 4058 ex
1055 4016 1127 4059 aere
1142 3993 1245 4057 fusam
1265 3992 1332 4074 (34,
1349 3991 1415 4072 83),

195 4139 397 4146 ...ῥα-.-

265 4222 290 4287 1)
310 4221 356 4274 De.
375 4219 403 4273 G.
421 4220 524 4273 Licinio
541 4220 670 4273 Muciano.
706 4219 769 4272 diss.
805 4218 908 4286 Lipsiae
928 4214 1003 4269 1870.
