3232 4822
728 1043 967 1192 vra„
1046 965 1049 972 ⁴

123 1485 125 1488 Α
289 1403 391 1478 Natus
413 1425 483 1468 sum
497 1402 605 1470 HUGO
621 1404 740 1470 VOIGT
763 1404 814 1468 die
836 1406 868 1469 X
892 1407 1010 1470 mensis
1033 1405 1228 1492 Septembris
1250 1410 1326 1473 atini
1338 1409 1377 1474 ·h.
1395 1433 1420 1475 s.

206 1520 301 1586 LVII
316 1521 458 1586 Berolini
477 1527 566 1608 patre
582 1522 741 1604 Ossam,
765 1537 865 1590 matre
882 1524 1010 1589 MARIA
1029 1534 1154 1611 egente
1171 1522 1326 1608 SAUPPm,
1341 1551 1421 1614 quos
1467 1574 1470 1581 -
1535 1515 1540 1522 ¹

206 1643 391 1728 superstites
413 1665 482 1708 esse
498 1641 631 1727 gaudeo·
669 1642 780 1707 Fidem
796 1643 945 1728 profiteor
960 1644 1182 1728 evangelicam.
1221 1645 1337 1711 Primis
1351 1645 1421 1711 lite·
1520 1638 1523 1643 ¹

205 1783 310 1826 rarum
337 1761 499 1826 elementis
523 1760 607 1825 domi
629 1785 648 1824 a
670 1773 759 1847 patre
781 1762 932 1844 imbutus,
962 1762 1087 1850 privato
1111 1761 1166 1826 Dr.
1187 1762 1421 1831 DOEBBELINI
1520 1813 1522 1818 ,

205 1880 290 1962 ludo,
314 1879 427 1944 deinde
447 1879 615 1966 *gymnasio
632 1878 790 1944 Guilelmo
813 1881 933 1966 patriae
956 1880 1043 1946 urbis
1065 1881 1198 1945 traditus
1221 1905 1300 1947 sum.
1339 1883 1420 1949 Vere

205 1981 280 2065 aniri
301 1999 332 2064 h.
348 2022 373 2064 s.
395 1997 539 2062 LXXIX
560 1999 751 2064 maturitatis
774 1998 954 2064 testimonio
976 1998 1147 2064 instructus
1163 2008 1195 2063 et
1211 1975 1419 2066 Universitati

121 2138 123 2144 ·
202 2118 384 2183 Friderioae
406 2115 585 2183 Guilelmae
607 2116 807 2186 Berolinensi
829 2117 1007 2204 adscriptus
1028 2138 1085 2202 per
1100 2117 1199 2182 oeties
1219 2140 1276 2183 sex
1294 2139 1419 2183 menses

204 2237 320 2303 scholis
353 2236 480 2301 interlui
512 2211 652 2300 virorum
683 2235 967 2301 illustrissimorum
1001 2217 1200 2316 Baussmu
1233 2236 1419 2318 DROYSEN‚

203 2353 348 2438 Garum,
372 2352 538 2433 flauum,
563 2345 807 2434 merueras
823 2335 1022 2435 Mouiusmr,
1046 2356 1217 2436 Nmzsou,
1237 2353 1420 2449 Prummu,

200 2474 365 2557 Rosam,
388 2472 553 2552 VAHLEN,
580 2471 852 2555 WATTENBAOH,
874 2473 1030 2540 ZELLER.
1075 2471 1337 2558 Amhaeologiois
1360 2473 1420 2537 im-

156 2619 159 2622 *
203 2593 324 2679 primis,
347 2599 407 2658 neo
427 2615 490 2656 non
513 2591 712 2677 philologieis
728 2600 761 2656 et
775 2591 934 2657 historicis
948 2591 1059 2657 studiis
1075 2615 1125 2658 me
1140 2591 1222 2656 dedi.
1267 2591 1418 2657 Rossuar
1527 2610 1529 2616 ·

77 2790 81 2796 ¹
204 2722 239 2776 ut
271 2700 528 2796 arohaeologiois,
562 2710 719 2776 HELLER
751 2718 782 2775 et
813 2711 1011 2792 MommsuN,
1047 2717 1081 2772 ut
1112 2708 1272 2774 historicis
1300 2711 1419 2774 exeroi-
1608 2711 1611 2718 “

205 2830 376 2896 tationibus
390 2831 585 2912 interessem,
608 2831 743 2913 benigne
758 2837 989 2895 concesserunt.
1035 2825 1161 2908 Quibus
1177 2824 1254 2891 viris
1270 2826 1426 2893 omnibus
1445 2895 1447 2898 ,
1478 2892 1482 2900 ,

205 2950 322 3035 optime
344 2948 384 3013 de
405 2972 456 3014 me
479 2949 606 3030 meritis,
628 2948 784 3035 imprimis
799 2971 875 3014 vero
890 2946 1077 3035 Roriam,
1100 2945 1219 3029 gratias
1242 2968 1301 3029 ago
1324 2968 1419 3031 quam

204 3070 364 3133 maximas
764 3119 821 3162 *a

711 3357 912 3367 ——u
