3232 4822
703 383 714 388 -
794 295 813 357 8

197 461 350 526 Demetrii
372 460 549 525 Minervam
584 462 739 527 musicam
771 463 837 543 (34,
862 463 917 544 76)
951 462 980 525 ei
1013 461 1173 525 vindicare
1205 483 1268 524 non
1292 459 1414 540 dubito,

196 586 269 628 cum
290 562 436 626 omnibus
452 561 502 626 his
516 562 596 626 locis
610 562 697 626 idem
712 562 871 627 mirabilia
886 562 1035 626 narrandi
1051 561 1190 626 studium
1205 563 1414 647 appareat1)3

197 686 384 749 quamquam
409 663 448 727 de
464 663 620 745 Minerva,
645 675 745 728 utrum
767 688 786 727 a
803 663 945 729 Varrone
968 664 1073 749 potius
1096 672 1341 727 commemorata
1362 664 1413 742 sit,

197 764 336 829 dubitari
358 767 467 851 possit.
527 763 698 844 Quaeritur
720 766 811 846 enim,
835 776 939 830 utrum
963 787 1031 828 cum
1056 764 1125 827 aliis
1146 764 1305 828 nonnullis
1324 764 1417 844 locis,

196 868 251 955 qui
273 866 315 930 ad
335 867 464 932 Atticae
487 866 725 952 descriptionem
749 868 917 951 pertinent,
944 867 971 931 is
993 867 1080 931 locus
1102 889 1203 929 necne
1226 866 1412 930 coniunctus

195 969 300 1050 fuerit,
323 967 469 1049 Varroni,
493 978 528 1033 ut
549 967 627 1032 mihi
648 967 776 1054 quidem
798 968 924 1032 videtur
946 979 1030 1033 certe
1052 968 1242 1033 tribuendis:

197 1073 247 1152 34,
271 1073 326 1135 74:
350 1069 587 1157 Cephisodorus
602 1069 782 1136 Minervam
804 1071 977 1154 mirabilem
1000 1071 1033 1134 in
1055 1080 1148 1154 portu
1167 1068 1414 1133 Atheniensium

348 1209 388 1218 -
413 1173 464 1236 cui
486 1194 589 1258 pauca
611 1182 848 1257 comparantur3

197 1275 247 1354 36,
272 1275 327 1338 16:
350 1273 559 1338 Alcamenem
581 1273 811 1338 Atheniensem
833 1311 874 1320 -
896 1273 1085 1358 imposuisse
1108 1272 1235 1353 dicitur3

197 1378 248 1455 36,
273 1377 326 1439 17:
349 1373 501 1439 Eiusdem
534 1373 706 1460 discipulus
740 1373 801 1438 fuit
822 1373 1031 1459 Agoracritus
1067 1411 1107 1420 -
1142 1373 1227 1460 quod
1249 1372 1294 1436 M.
1311 1371 1413 1437 Varro

349 1475 496 1540 omnibus
518 1475 617 1560 signis
638 1476 806 1561 praetulit3

198 1581 248 1658 36,
271 1579 325 1642 20:
349 1600 445 1662 opera
468 1577 535 1642 eius
551 1577 752 1661 (Praxitelis)
775 1586 848 1641 sunt
862 1577 1001 1641 Athenis
1023 1578 1055 1640 in
1079 1576 1233 1640 ceramico
1256 1575 1310 1658 (cf.
1329 1574 1415 1640 Och-

348 1678 474 1743 michen
495 1678 516 1742 l.
533 1679 553 1742 l.
576 1702 605 1765 p.
626 1680 709 1761 151).

237 1861 242 1875 ·
282 1782 433 1846 Necnon
456 1781 517 1865 ipsi
531 1779 636 1844 Plinio
659 1782 758 1844 multa
780 1779 949 1844 tribuenda
971 1802 1040 1844 esse
1055 1789 1187 1866 apparet
1202 1804 1242 1844 ex
1256 1780 1311 1858 111,
1336 1801 1416 1864 quae

196 1882 376 1948 Urlichsius
397 1882 432 1965 (l.
448 1881 468 1946 l.
492 1906 522 1967 p.
542 1883 595 1964 17)
619 1881 857 1946 demonstravit.
897 1880 1047 1945 Ostendit
1069 1882 1152 1945 enim
1173 1882 1267 1947 etiam
1287 1903 1325 1945 ca
1339 1879 1415 1944 artis

196 2006 294 2069 opera
315 2006 396 2069 quae
419 1984 460 2048 ab
477 1986 623 2067 Augusto
648 1984 757 2068 primis
780 1984 975 2069 principatus
999 1985 1048 2048 sui
1063 1984 1257 2069 temporibus
1272 1983 1306 2045 in
1321 1981 1416 2046 aedes

195 2085 339 2170 publicas
362 2107 510 2150 sacrasve
533 2108 553 2149 a
575 2107 609 2148 se
625 2094 802 2148 exstructas
818 2084 926 2148 dicata
940 2096 1054 2165 essent,
1079 2107 1142 2147 non
1158 2085 1222 2147 iam
1237 2109 1257 2150 a
1272 2084 1416 2148 Varrone

196 2186 247 2250 vel
269 2184 419 2252 Cornelio
441 2186 565 2272 Nepote
588 2185 747 2271 descripta
773 2207 853 2250 esse.
896 2186 1018 2270 Itaque,
1042 2207 1114 2250 curn
1136 2186 1257 2251 indices
1285 2209 1417 2274 operum

196 2288 315 2352 Romae
338 2289 561 2352 collocatorum
588 2288 687 2353 fuisse
715 2298 747 2352 et
769 2311 788 2351 a
809 2287 914 2352 Plinio
938 2287 1099 2352 adhibitos
1123 2310 1203 2367 esse,
1228 2312 1320 2374 quam
1346 2311 1417 2350 sen-

196 2391 327 2454 tentiam
349 2389 561 2472 Briegerusl)
584 2390 703 2473 primus
725 2391 863 2476 protulit,
892 2390 1050 2476 plerisque
1079 2390 1156 2454 viris
1184 2391 1282 2453 doctis
1306 2390 1417 2452 merito

197 2518 261 2559 non
288 2492 453 2577 probetur,
480 2491 633 2576 sequitur,
662 2502 697 2555 ut
719 2491 841 2556 Plinius
868 2514 906 2556 ea
932 2501 987 2554 aut
1012 2490 1066 2555 alii
1088 2491 1281 2577 insequentis
1304 2491 1418 2554 aetatis

198 2593 344 2683 scriptori
366 2591 518 2675 debuerit,
542 2605 597 2657 aut
619 2592 778 2658 addiderit
799 2594 876 2678 ipse.
922 2594 1035 2680 Neque
1057 2607 1115 2675 est,
1143 2617 1199 2658 cur
1223 2592 1326 2656 Plinio
1348 2593 1418 2657 illos

197 2699 285 2762 locos
318 2695 549 2760 abiudicemus:
582 2695 718 2782 primum
751 2695 849 2776 enim,
884 2720 944 2782 quo
980 2707 1048 2762 erat
1079 2699 1269 2783 optimarum
1301 2696 1418 2758 artium

198 2799 304 2866 studio
327 2808 358 2863 et
380 2820 496 2878 amore,
519 2819 615 2884 opera
637 2809 722 2862 certe
743 2797 863 2862 Romae
884 2799 1038 2863 collocata
1053 2822 1147 2884 saepe
1163 2802 1417 2886 perlustraverat,

198 2922 390 2989 quamquam
410 2897 612 2962 multitudine
633 2922 763 2986 operum
784 2911 816 2964 et
838 2900 1036 2984 negotiorum
1058 2902 1181 2966 acervis
1197 2926 1231 2968 se
1246 2928 1265 2968 a
1280 2917 1419 2972 contem-

197 3002 336 3089 platione
352 2998 469 3064 abduci
484 3001 626 3085 queritur
640 3003 707 3082 (36,
725 3002 798 3084 27);
823 3000 937 3066 deinde
960 3025 1053 3087 quem
1076 3005 1306 3072 substituamus
1322 3009 1418 3075 alium

199 3114 359 3169 auctorem
390 3104 423 3166 in
456 3111 620 3167 auctorum
651 3102 812 3168 indicibus
847 3126 910 3167 non
942 3104 1136 3186 invenimus3
1165 3131 1261 3194 opera
1284 3110 1420 3196 denique

201 3209 356 3271 artificum
388 3227 471 3269 nova
505 3205 614 3269 addita
645 3216 728 3286 sunt,
760 3230 862 3293 neque
894 3229 970 3271 vero
1003 3231 1105 3273 novus
1135 3210 1247 3275 artifex
1275 3220 1419 3283 accessit.

201 3311 284 3374 Nam
305 3307 503 3391 Loewyus³)
527 3308 682 3388 omnibus,
710 3302 792 3394 quae
816 3309 935 3375 Romae
963 3311 1118 3376 collocata
1144 3324 1243 3396 erant,
1271 3319 1420 3403 operibus

201 3409 336 3488 omissis,
370 3431 533 3472 numerum
568 3411 792 3475 statuariorum
822 3437 886 3477 non
919 3413 1017 3476 minui
1046 3413 1283 3482 demonstravit.
1329 3419 1421 3501 Quae

166 1851 178 1881 Ι

271 3562 296 3625 1)
313 3561 466 3631 Apollodori
478 3564 581 3616 tabula:
602 3565 684 3628 ,Aiax
697 3565 807 3618 fulmine
819 3567 954 3630 incensus,
964 3583 1031 3636 quae
1042 3569 1162 3638 Pergami
1179 3578 1315 3639 spectatur
1327 3577 1418 3629 hodie‘⁴

202 3667 256 3703 non
268 3666 327 3702 cum
340 3649 453 3702 Roberto
467 3649 608 3717 Antigono,
620 3650 674 3714 sed,
687 3654 718 3703 ut
737 3651 853 3720 plerique
872 3653 973 3716 volunt,
984 3655 1106 3708 Muciano
1125 3658 1210 3711 danda
1229 3660 1293 3712 mihi
1311 3660 1422 3730 videtur,

203 3735 364 3800 comparanti
384 3734 454 3787 11111
472 3733 515 3800 33,
533 3734 595 3788 1551
627 3739 734 3798 ,extant
752 3738 870 3790 omnium
888 3737 993 3804 (Boethi
1012 3745 1072 3804 111.)
1093 3759 1172 3812 opera
1193 3743 1268 3797 hodia
1290 3744 1422 3798 ininsula

204 3822 380 3875 Rhodiorum“
400 3823 426 3872 at
443 3818 485 3883 35,
498 3818 544 3872 691
562 3819 702 3883 (Parrhasii
720 3837 775 3874 una
794 3823 892 3890 tabula,
911 3840 976 3891 quae
995 3829 1035 3878 est
1048 3826 1144 3894 Rhodi)
1231 3828 1310 3892 ,haec
1328 3829 1363 3882 ibi
1383 3836 1423 3884 ter

203 3907 314 3958 fulmine
332 3906 452 3958 ambusta
470 3921 555 3974 nequa
573 3906 710 3958 obliterata
723 3907 772 3960 hoc
784 3908 842 3974 ipso
862 3909 1016 3964 miraculum
1035 3915 1128 3980 auget‘
1149 3928 1213 3981 quoa
1226 3917 1295 3966 11111
1307 3915 1423 3970 Muciani

204 4009 262 4048 1111
279 3994 409 4047 existimo.

272 4077 302 4146 2)
320 4078 358 4131 1)1
380 4078 496 4132 lontibus
517 4079 642 4132 librorum
662 4079 940 4135 XXXIII-XXXVI
962 4080 1021 4133 Nat.
1041 4082 1102 4136 11111.
1126 4082 1269 4152 Plinianac,
1292 4089 1424 4155 quatenus

205 4164 239 4218 ad
257 4167 339 4218 artem
357 4164 494 4233 plasticam
512 4166 653 4232 pertinent.
689 4166 751 4218 diss.
789 4167 923 4234 Gryphiae
941 4165 1017 4219 1851.

274 4248 302 4316 3)
321 4249 561 4320 Untersuchungen
579 4267 624 4305 zur
642 4251 738 4319 griech.
756 4249 1031 4319 kriustlergeschichta.
1067 4250 1152 4305 Wian.
1190 4252 1265 4307 1883.
