3232 4822
837 306 878 368 20

248 476 350 560 ipsam
378 497 505 540 causam
533 473 671 539 delectae
699 495 768 540 esse
790 475 952 556 videntur,
986 497 1048 562 quo
1079 475 1204 541 facilius
1236 477 1374 563 pictores
1397 500 1468 542 cum

249 581 429 648 oratoribus
453 577 599 642 contendi
615 586 753 662 possent.
785 575 949 641 Eiusmodi
970 577 1087 641 iudicia
1109 577 1208 643 multa
1223 578 1308 664 apud
1329 579 1468 643 Plinium

249 707 375 773 quoque
398 681 601 746 inveniuntur
623 701 834 764 magnamque
855 688 978 766 partem
1005 680 1172 744 coniuncta
1198 702 1268 744 cum
1290 681 1467 746 narratiun-

247 789 326 853 culis
352 786 430 865 illis,
466 807 545 869 quas
576 806 595 847 a
623 781 843 866 Peripateticis
876 781 1061 866 plerumque
1094 782 1239 846 inventas
1272 804 1341 846 esse
1374 807 1467 848 nemo

246 889 361 969 nescit,
389 887 440 953 vel
476 909 547 950 cum
572 884 728 948 nobilium
753 882 934 946 tabularum
962 883 1238 968 descriptionibus.
1287 886 1467 950 Nonnullos

245 993 333 1057 locos
355 988 492 1074 exempli
514 987 617 1072 gratia
639 984 751 1049 afferre
774 985 850 1050 satis
872 985 946 1049 erit:
1064 982 1067 986 ⁴

247 1097 297 1175 35,
321 1093 376 1157 73:
398 1091 482 1154 Nam
497 1087 656 1152 Timanthi
679 1087 731 1151 vel
752 1087 921 1171 plurimum
945 1087 1046 1151 adluit
1067 1090 1194 1172 inpendi,
1218 1089 1285 1153 eius
1308 1090 1390 1152 enim
1417 1100 1465 1153 est

398 1191 566 1278 Iphigenia
589 1198 745 1253 oratorum
768 1187 915 1252 laudibus
938 1189 1127 1254 celebrata.
1152 1239 1159 1252 .
1185 1241 1191 1253 .

246 1300 296 1379 35,
320 1298 373 1360 64:
399 1294 544 1380 (Zeuxis)
567 1292 685 1377 alioqui
707 1300 814 1355 tantus
837 1292 997 1374 dilipeatia
1020 1301 1054 1354 ut
1075 1292 1301 1375 Agragentinis
1323 1291 1463 1356 facturus

396 1397 538 1462 tabulam
567 1431 608 1439 —
634 1393 809 1478 inspexerit
835 1392 975 1475 virgines
1003 1414 1111 1456 eorum
1136 1392 1238 1457 nudas
1266 1403 1297 1456 et
1325 1395 1462 1479 quinque

397 1499 558 1584 elegerit.
583 1547 591 1560 .
615 1546 622 1558 .

245 1605 295 1684 35,
319 1604 373 1666 65:
397 1600 610 1666 Descendisse
636 1597 687 1662 hic
715 1596 933 1678 (Parrhasius)
967 1596 1000 1658 in
1033 1609 1189 1661 certamen
1222 1618 1290 1661 cum
1324 1597 1462 1661 Zeuxide

396 1701 538 1778 traditur,
561 1710 593 1764 et
616 1751 622 1763 .
648 1751 654 1762 .
680 1749 686 1762 .
712 1698 862 1762 detulisse
889 1697 1022 1762 linteum
1048 1699 1169 1783 pictum
1195 1699 1241 1763 ita
1265 1703 1391 1763 certate
1412 1721 1461 1761 re-

396 1812 605 1890 praesentata,
629 1814 662 1865 ut
685 1856 690 1867 .
717 1850 724 1862 .
748 1850 755 1863 .

245 1901 294 1986 35,
321 1907 380 1970 102
403 1905 458 1988 (de
480 1904 587 1989 Ialyso
610 1902 814 1985 Protogenis)
838 1951 845 1964 .
870 1951 877 1964 .
900 1924 962 1964 non
986 1901 1149 1966 indicabat
1176 1924 1209 1966 se
1237 1903 1270 1965 in
1293 1925 1329 1966 eo
1353 1903 1460 1986 (cane)

396 2007 570 2090 exprimere
600 2027 747 2089 spumam
775 2003 952 2066 anhelantis
981 2052 1019 2066 ..
1049 2002 1237 2087 displicebat
1269 2013 1376 2067 autem
1409 2025 1460 2067 ars

394 2109 465 2193 ipsa
487 2159 494 2172 .
520 2157 526 2168 .
551 2128 574 2185 .;
609 2109 703 2169 caedo
736 2107 838 2168 animi
868 2107 1018 2185 cannata,
1046 2126 1117 2168 cum
1144 2104 1178 2167 in
1205 2104 1329 2191 pictura
1350 2129 1461 2170 verum

395 2231 473 2288 esse,
495 2231 559 2272 non
582 2207 752 2273 verisimile
775 2207 872 2271 vellet
895 2256 902 2269 .
928 2256 934 2270 .
960 2256 966 2269 .

243 2314 293 2392 35,
319 2312 379 2374 109
404 2309 650 2393 (Nicomachus)
667 2331 726 2373 nee
740 2309 800 2372 fuit
822 2309 905 2373 alius·
924 2309 957 2372 in
980 2331 1018 2372 ea
1037 2310 1171 2375 ualeam.
1206 2310 1350 2374 Tradunt
1372 2334 1460 2375 nam-

394 2434 454 2497 que
477 2411 665 2476 conduxisse
687 2410 879 2495 pingendum
904 2461 985 2475 ....
1010 2410 1130 2475 Telesti
1152 2423 1262 2497 poetae
1284 2415 1460 2478 monimen-

393 2523 460 2577 tum
485 2562 492 2577 .
516 2564 523 2578 .
549 2563 556 2576 .
580 2513 751 2599 paucisque
775 2505 887 2576 diebus
910 2511 1084 2575 absolvisse
1112 2522 1143 2576 et
1169 2515 1318 2578 celeritate
1340 2528 1371 2579 et
1393 2527 1460 2579 arte

392 2616 482 2680 mira.

325 2717 388 2781 His
415 2741 490 2783 vero
516 2717 641 2782 fabellis
668 2715 810 2781 rhetores
839 2716 1024 2802 saepissime
1047 2717 1222 2780 utebantur.
1268 2717 1381 2784 Cicero
1404 2718 1459 2801 (de

234 2820 305 2907 inv.
329 2817 372 2899 H,
400 2821 492 2906 lsq.)
515 2819 664 2884 Zeuxidis
687 2817 844 2882 Helenam
866 2818 966 2897 affert,
984 2827 1020 2882 ut
1042 2817 1163 2898 doceat,
1187 2820 1301 2882 oratori
1324 2841 1457 2906 quoque,

240 2920 317 3008 quid
338 2921 371 2984 in
385 2943 511 3007 quoque
534 2930 662 2985 auctore
686 2921 840 3006 optimum
863 2929 955 2999 esset,
979 2918 1159 3004 eligendum
1176 2942 1263 3001 esse3
1279 2918 1456 2985 Timanthis

239 3021 416 3108 Iphigenia,
438 3045 534 3108 quam
557 3030 713 3087 oratorum
736 3021 885 3086 laudibus
909 3020 1100 3085 celebratam
1123 3043 1191 3087 esse
1218 3021 1273 3104 (of.
1297 3021 1364 3088 Cic.
1389 3036 1458 3086 orat

241 3127 291 3205 74,
313 3124 384 3188 Val.
401 3124 488 3188 Max.
510 3125 573 3205 III,
599 3128 635 3188 11
660 3135 722 3189 ext.
747 3125 782 3206 6)
811 3123 933 3187 Plinius
965 3124 1034 3209 ipse
1067 3122 1165 3202 addit,
1199 3123 1457 3204 aQuinotiliano

239 3224 316 3312 quid
339 3226 450 3291 deceat
472 3236 627 3290 oratorem
651 3236 838 3313 exponente,
855 3227 989 3311 exempli
1013 3248 1108 3291 causa
1123 3226 1316 3306 nominatur3
1332 3225 1457 3311 Apellis

238 3327 330 3392 illud:
367 3351 449 3408 „uno
478 3351 512 3392 se
540 3339 709 3411 praestare,
737 3327 822 3414 quod
847 3351 975 3391 manum
1003 3327 1041 3390 de
1067 3328 1177 3392 tabula
1199 3328 1293 3393 sciret
1314 3326 1456 3407 tollere“,

238 3429 320 3514 quod
337 3428 460 3495 Plinius
482 3431 532 3509 35,
549 3432 591 3495 80
611 3431 782 3495 memoriae
804 3429 934 3493 tradidit
956 3428 1073 3495 additis
1095 3428 1215 3495 verbis:
1243 3429 1457 3510 „memorabili

237 3541 406 3616 praecepto
428 3553 541 3596 nocere
564 3553 657 3616 saepe
679 3532 805 3594 nimiam
831 3529 1058 3614 diligentiam“,
1082 3531 1241 3595 invenitur
1263 3532 1355 3595 etiam
1371 3531 1456 3616 apud

239 3630 427 3697 Ciceronem
448 3633 543 3716 (orat.
568 3634 638 3716 73):
675 3631 799 3716 ,Magis
834 3631 964 3696 offendit
996 3633 1129 3696 nimium
1153 3654 1245 3718 quam
1273 3654 1395 3718 parum,
1423 3632 1455 3694 in

237 3757 300 3820 quo
315 3735 447 3821 Apelles
469 3734 607 3815 pictores
631 3756 754 3820 quoque
774 3756 828 3798 eos
843 3755 974 3818 peccare
991 3731 1126 3814 dicebat,
1143 3733 1197 3819 qui
1211 3755 1276 3797 non
1291 3732 1454 3814 sentirent,

237 3836 314 3922 quid
335 3846 419 3901 esset
440 3836 547 3900 satis.“
592 3835 704 3920 Itaque
725 3857 805 3920 quae
828 3835 913 3920 apud
936 3833 1182 3915 Quinctilianum
1208 3832 1247 3897 de
1266 3832 1456 3918 Protogene,

236 3936 407 4023 Pamphilo
429 3938 542 4002 ceteris
564 3936 743 4001 factasunt
765 3934 882 4000 iudicia
907 3959 971 3999 non
999 3959 1038 4000 ex
1064 3935 1173 4000 eodem
1198 3959 1260 4022 quo
1283 3946 1387 4001 cetera
1406 3937 1454 4000 iu-

238 4037 322 4103 dicia
336 4038 424 4104 fonte
445 4039 561 4104 hausta
583 4060 652 4104 esse
674 4048 762 4122 puto,
778 4036 835 4102 sed
858 4038 941 4124 apud
964 4037 1107 4103 rhetores
1129 4038 1335 4104 usitatissima
1350 4039 1456 4121 fuisse,

237 4141 378 4206 cumeis
400 4150 562 4206 uterentur
589 4139 631 4204 ad
656 4140 792 4204 artifices
821 4161 891 4203 cum
919 4138 1098 4203 oratoribus
1119 4140 1350 4225 comparandis
1372 4139 1455 4205 unde

237 4243 333 4307 etiam
354 4243 462 4307 brevis
485 4264 594 4307 eorum
621 4240 723 4306 forma
751 4240 937 4305 declaratur.
981 4240 1101 4327 Aliqua
1134 4264 1208 4306 vero
1242 4265 1349 4308 eorum
1381 4265 1455 4328 pars
