3232 4822
801 276 823 339 4

203 439 358 526 Nepotem
390 438 581 523 exquisitum
608 439 700 504 Plinii
727 452 884 507 auctorem
918 443 1015 509 fuisse
1045 444 1261 514 demonstrare
1290 458 1421 514 conatus

204 549 260 619 est,
284 541 334 605 cui
355 541 542 626 praesertim
563 541 596 605 in
618 542 699 607 libro
721 543 853 608 XXXV
877 546 975 609 multa
997 544 1196 611 deberentur.
1240 547 1352 635 Itaque
1374 550 1421 616 eis

204 663 283 726 quos
306 652 416 706 auctor
438 642 491 706 ille
516 641 585 725 „De
607 642 792 710 inlustribus
814 645 910 710 viris“
934 648 1110 736 composuit
1134 648 1235 731 libris,
1265 652 1422 716 artificum

203 767 327 830 quoque
350 745 432 810 vitas
448 745 690 832 comprehensas
704 734 802 812 fuisse
818 748 961 814 coniecit.
994 749 1130 815 Brunnii
1144 752 1279 836 vestigia
1294 764 1420 820 secutus

203 855 251 911 est
272 846 300 910 F
301 848 595 932 urtwaenglerus.¹)
640 847 669 912 ls
685 847 820 913 Plinium
843 851 877 914 in
899 851 1125 938 componendis
1147 855 1359 920 voluminibus
1382 878 1421 920 ea

202 950 324 1014 ratione
353 972 445 1014 usum
471 971 540 1014 esse
567 949 774 1032 existimavit,
803 962 837 1015 ut
863 975 944 1037 quae
972 951 1108 1019 diversis
1135 978 1175 1019 ex
1201 954 1342 1021 fontibus
1365 981 1420 1022 ex-

203 1052 385 1139 cerpsisset,
413 1052 507 1116 certis
535 1052 594 1116 sub
621 1052 720 1117 titulis
748 1063 880 1134 notaret,
911 1077 952 1119 cx
978 1053 1040 1118 illis
1066 1059 1185 1123 notatis
1214 1079 1294 1141 quae
1316 1069 1418 1142 vocat,

203 1153 375 1218 orationem
394 1163 573 1218 contexeret
587 1153 623 1236 (l.
639 1155 659 1218 l.
676 1178 706 1239 p.
723 1157 768 1237 4).
806 1153 1001 1221 Procedente
1017 1159 1159 1224 oratione
1182 1180 1264 1243 quac
1287 1161 1419 1246 singulis

201 1256 385 1320 auctoribus
408 1254 597 1320 vindicanda
623 1279 692 1320 esse
720 1268 871 1338 censeret,
899 1256 1060 1323 disseruit:
1097 1259 1200 1325 Plinio
1228 1262 1289 1346 ipsi
1318 1263 1418 1348 plura,

202 1378 297 1440 quam
323 1356 383 1421 viri
410 1356 496 1420 docti
522 1367 594 1422 ante
621 1380 693 1421 eum
720 1358 875 1433 solebant,
904 1359 1063 1440 attribuit;
1096 1360 1231 1444 Nepotis
1258 1362 1356 1427 libros
1380 1363 1418 1428 de

202 1457 390 1523 inlustribus
431 1458 508 1525 viris
553 1459 712 1524 adhibitos
756 1482 837 1540 esse,
882 1460 928 1525 ita
971 1483 1039 1524 cum
1076 1460 1220 1525 Brunnio
1255 1461 1345 1544 facit,
1384 1473 1419 1529 ut

201 1560 357 1646 pictorum
383 1570 518 1641 tantum,
545 1584 609 1625 non
637 1561 770 1625 aliorum
797 1562 954 1625 artificum
981 1562 1062 1626 vitas
1089 1564 1128 1626 ab
1156 1562 1211 1626 illo
1234 1561 1417 1648 descriptas,

185 1659 342 1753 picturae
370 1684 444 1726 vero
471 1663 559 1727 initia
587 1673 619 1728 et
644 1663 838 1728 incrementa
864 1663 948 1748 apud
978 1662 1114 1727 eundem
1140 1664 1283 1750 exposita
1310 1663 1417 1742 fuisse,

202 1762 403 1828 statuendum
425 1763 488 1829 sibi
509 1773 647 1851 putaret3
672 1764 848 1829 Varronem
863 1772 895 1829 et
909 1763 1079 1830 Pasitelem
1094 1765 1265 1850 aequaliter
1279 1765 1312 1829 in
1327 1787 1416 1829 usum

201 1875 330 1929 vocatos
363 1888 432 1930 esse
465 1866 611 1947 ostendit,
646 1866 837 1952 proprietate
871 1866 1032 1952 utriusque
1064 1866 1254 1947 felicissime,
1284 1878 1319 1932 ut
1340 1866 1418 1930 mibi

202 1965 330 2050 quidem
352 1966 484 2047 videtur,
508 1967 665 2032 distincta.
710 1967 789 2032 Post
810 1991 880 2032 eum
903 1967 1128 2052 Urfichsiust),
1156 1990 1228 2033 cum
1255 1977 1417 2033 auctorum

201 2067 234 2130 in
260 2066 419 2132 indicibus
445 2068 644 2133 laudatorum
678 2092 740 2155 quo
774 2070 906 2155 quisque
938 2069 1008 2137 loco
1034 2071 1068 2134 in
1094 2078 1245 2134 contextu
1269 2069 1417 2134 laudatus
1463 2103 1467 2108 v

201 2178 299 2250 esset,
327 2169 606 2236 demonstrandum
632 2172 693 2236 sibi
721 2171 950 2258 proposuisset,
978 2194 1017 2235 ne
1040 2173 1073 2236 in
1095 2171 1268 2258 pictoribus
1291 2170 1417 2255 quidem

202 2271 386 2335 enarrandis
398 2271 583 2337 Cornelium
594 2273 770 2339 adhibitum
781 2296 852 2339 esse
862 2274 1006 2339 Brunnio
1020 2273 1178 2338 concessit
1189 2272 1230 2338 ad
1237 2271 1418 2337 Scbreiberi

200 2372 302 2456 magis
325 2374 513 2438 sententiam
537 2397 570 2439 se
592 2376 759 2457 acclinem,
783 2374 837 2460 qui
854 2375 989 2440 Varroni
1012 2376 1162 2461 pleraque
1184 2375 1345 2453 tribuerat,
1363 2383 1418 2437 aut

200 2475 311 2540 Iubam
327 2475 526 2561 Fabiumque
542 2475 705 2542 Vestalem
727 2479 761 2542 in
781 2477 864 2542 libro
886 2476 1018 2542 XXXV
1041 2478 1074 2541 in
1096 2499 1185 2541 usum
1203 2486 1332 2542 vocatos
1348 2497 1417 2541 esse

200 2588 299 2646 ratus.
337 2577 486 2664 Sequitur
508 2578 680 2663 disputatio
697 2578 967 2662 Oehmicheniil),
991 2602 1055 2666 qua
1076 2578 1129 2643 ille
1150 2579 1244 2664 longe
1266 2579 1357 2643 aliter
1378 2599 1416 2641 ac

200 2681 476 2766 Furtwaenglcrus
498 2680 537 2745 de
560 2704 598 2746 ea
619 2705 682 2768 qua
704 2682 737 2745 in
759 2681 964 2767 excerpendis
992 2680 1174 2745 auctoribus
1197 2679 1318 2743 Plinius
1342 2700 1415 2742 usus

201 2784 242 2848 sit
263 2785 384 2846 ratione
406 2782 560 2863 iudicans,
583 2783 628 2847 ita
650 2805 722 2848 eum
744 2783 846 2867 egisse
870 2781 1037 2860 existimat,
1058 2791 1092 2843 ut
1107 2802 1201 2843 unum
1217 2779 1415 2866 potissimum

200 2885 321 2949 fontem
343 2885 537 2969 aliquamdiu
552 2892 741 2969 sequeretur,
759 2881 835 2965 quin
851 2882 946 2946 etiam
962 2881 1002 2946 ad
1020 2882 1151 2946 verbum
1165 2881 1415 2960 transscriberet,

200 3010 282 3073 quae
297 2986 380 3073 apud
396 2986 474 3050 alios
489 2985 661 3051 invenisset
682 2993 835 3066 auctores,
858 2983 914 3049 ubi
936 2991 1046 3071 aptum
1066 2981 1237 3064 videretur,
1260 2981 1294 3045 in
1315 2983 1416 3046 conti·

199 3091 352 3154 nuitatem
375 3089 542 3153 verborum
564 3087 718 3152 insereret
745 3085 804 3170 (cf.
831 3087 851 3150 l.
874 3086 896 3151 1.
923 3110 954 3174 p.
979 3087 1091 3170 msa:
1138 3083 1207 3164 „die
1238 3083 1415 3170 excerpier-

200 3191 344 3257 methode
371 3191 427 3255 des
451 3190 625 3272 Plinius“).
669 3189 782 3273 Itaque
808 3187 914 3252 multis
941 3208 1020 3272 quos
1048 3210 1088 3251 ex
1114 3185 1182 3249 aliis
1212 3184 1336 3248 additos
1364 3183 1415 3249 vel

198 3293 379 3359 interiectos
402 3315 470 3357 esse
493 3301 592 3377 putat,
614 3290 693 3356 locis
715 3290 864 3370 excussis,
894 3287 1013 3354 fontem
1040 3285 1197 3374 quendam
1220 3285 1414 3370 primarium,

198 3397 287 3461 libris
309 3394 455 3459 XXXIV
478 3402 510 3458 et
530 3391 662 3458 XXXV
684 3413 879 3457 communem
896 3389 1073 3478 repperisse
1093 3387 1154 3454 sibi
1176 3387 1264 3452 visus
1287 3397 1343 3466 est,
1366 3409 1415 3451 re-

199 3509 323 3585 pertum
349 3497 499 3562 restituit:
533 3495 687 3559 artificum
714 3493 848 3574 lexicon,
878 3500 912 3556 ut
937 3491 983 3555 ita
1010 3491 1122 3570 dicam,
1152 3488 1323 3554 secundum
1345 3487 1415 3552 lite-

198 3623 304 3665 rarum
336 3598 475 3663 ordinem
510 3595 707 3683 dispositum,
740 3617 802 3680 quo
835 3602 867 3658 et
899 3593 1026 3657 fictores
1054 3600 1086 3656 et
1112 3592 1248 3676 pictores
1272 3590 1346 3653 inde
1372 3590 1413 3654 ab

200 3705 316 3790 olymp.
334 3703 373 3767 83
390 3700 456 3785 (vel
472 3701 528 3782 90)
550 3720 649 3783 usque
672 3696 711 3761 ad
731 3698 786 3761 121
806 3693 1017 3781 olympiadem
1039 3693 1282 3758 continerentur.
1318 3691 1415 3756 Illum

199 3827 274 3869 vero
297 3804 435 3868 indicem
449 3824 469 3865 a
484 3799 606 3866 Graeco
623 3799 761 3885 quodam
776 3799 928 3885 scriptore
943 3799 1152 3883 compositum
1166 3817 1222 3880 per
1236 3791 1413 3857 Varronem

268 3973 293 4038 1)
311 3974 414 4026 Plinius
435 3973 489 4025 und
512 3972 583 4025 scine
610 3969 715 4038 quellen
741 3969 805 4023 iiber
831 3969 880 4041 die·
894 3966 1036 4020 bildenden
1060 3965 1164 4018 kinsto.
1198 3962 1413 4031 (scrumosus

198 4060 288 4112 Jahrb.
305 4060 323 4111 f.
341 4060 416 4113 class.
434 4057 526 4127 philol.
560 4057 577 4110 9
596 4055 844 4127 supplementband.
882 4053 969 4121 1877.)

266 4145 294 4213 2)
313 4144 359 4198 Die
378 4146 596 4214 quellenregister
614 4160 646 4195 zu
664 4143 767 4195 Plinius
785 4142 883 4194 letzten
901 4137 1024 4192 bicbern.
1061 4136 1217 4204 wirzburg,
1236 4132 1311 4187 1878.

268 4231 294 4299 3)
312 4232 486 4285 Plinianisohe
499 4230 605 4284 studien
616 4229 809 4298 zurgeogrupb.
819 4227 874 4279 und
883 4222 1025 4279 kunsthist.
1039 4223 1167 4276 litaretur.
1187 4220 1328 4289 llrlangen‚
1338 4215 1415 4270 1880.
