3232 4822
765 303 802 363 19

165 470 253 555 apud
277 469 461 536 Ciceronem
494 469 563 533 loco
586 468 660 533 huic
682 468 859 546 simillimo,
887 467 938 532 cui
965 466 1046 530 idem
1082 475 1165 530 certe
1186 465 1258 530 fons
1281 465 1390 529 subest

167 572 274 654 (Brut.
299 572 350 651 18,
369 571 425 651 71)
448 569 628 651 Canachus,
653 569 803 648 Calamis,
827 568 931 653 Myro,
955 567 1039 652 apud
1055 565 1231 630 Lucianum
1254 565 1389 652 denique

168 672 263 756 (rhet.
286 681 445 757 praecept.
470 673 504 754 9)
520 664 645 756 praeter
668 671 840 754 Hegesiam
864 667 981 734 Critias
1010 680 1042 733 et
1063 668 1208 733 Nesiotes
1232 676 1389 732 vetustam

84 804 86 808 ³
168 787 269 839 artem
290 783 537 858 repraesentant.
569 772 657 837 Inter
678 771 814 857 pictores
832 770 1023 834 clarissimos
1046 769 1159 835 Cicero
1175 769 1284 832 eodem
1296 768 1390 832 Bruti

168 875 239 941 loco
251 875 357 955 refert,
366 876 545 954 Actionem,
559 872 834 955 Nicomachuml),
848 871 1057 951 Timanthem,
1070 878 1165 954 atque
1180 870 1249 956 ipse
1262 869 1389 935 Timan-

169 975 239 1041 thes
273 975 357 1062 apud
384 975 633 1056 Quinctilianum
669 975 731 1038 alio
764 974 834 1039 loco
857 972 1061 1057 praedicatur
1082 972 1141 1055 (ll,
1165 975 1213 1038 13.
1233 974 1279 1057 8).
1325 973 1389 1039 Sed

167 1077 246 1162 quid
267 1079 358 1163 plura
373 1101 562 1158 enumerem,
585 1078 649 1140 iam
665 1088 806 1161 apparet,
832 1098 901 1140 cum
925 1085 1085 1139 oratorum
1100 1085 1204 1139 certus
1226 1089 1259 1140 et
1277 1075 1389 1138 defini-

168 1189 219 1242 tus
240 1202 389 1243 numerus
412 1201 533 1244 canone
556 1179 801 1263 comprehensus
824 1177 918 1259 sit,²)
941 1177 1020 1240 alios
1043 1177 1179 1242 artifices
1203 1177 1288 1263 apud
1310 1176 1389 1242 alios

169 1293 323 1358 auctores,
348 1301 427 1364 quos
445 1280 578 1364 quisque
600 1279 737 1343 maxime
752 1279 884 1342 idoneos
908 1300 977 1343 esse
1000 1288 1123 1364 putaret
1144 1278 1185 1341 ad
1207 1302 1278 1342 eam
1293 1301 1389 1363 quam

169 1390 320 1445 tractaret
333 1405 411 1460 rem,
436 1405 507 1446 oum
523 1382 569 1446 eis
586 1383 773 1466 comparari.
817 1381 932 1466 Itaque
955 1402 1026 1444 cum
1049 1402 1089 1442 ne
1109 1379 1141 1443 id
1165 1379 1293 1466 quidem
1315 1402 1389 1444 con-

172 1493 255 1546 stare
286 1483 440 1562 videatur,
475 1493 580 1547 utrum
613 1483 698 1569 apud
732 1482 874 1547 rhetores
897 1482 1114 1566 Pergamenos
1146 1482 1233 1567 ipsos
1266 1504 1390 1568 semper

170 1582 274 1649 eidem
301 1606 399 1648 necne
424 1584 457 1647 in
486 1607 579 1650 usum
607 1585 712 1648 vocati
739 1585 816 1665 sint,
850 1593 983 1648 nonest
1010 1606 1065 1647 cur
1081 1586 1242 1648 ‘canonem
1269 1606 1388 1664 eorum,

167 1685 251 1750 sicut
273 1686 358 1772 apud
381 1697 521 1750 oratores
545 1688 661 1750 factum
689 1696 745 1767 est,
774 1685 1002 1751 conformatum
1032 1707 1102 1750 esse
1131 1684 1316 1766 concedam,
1340 1686 1389 1749 sin

171 1799 275 1851 autem
302 1789 458 1853 artificum
487 1810 612 1873 quoque
635 1810 789 1852 canonem
817 1811 836 1850 a
858 1787 1063 1870 Pergamenis
1090 1787 1292 1852 const'tutum
1321 1810 1390 1852 esse

168 1891 263 1953 certis
285 1890 459 1953 rationibus
476 1889 718 1971 demonstretur,
734 1912 805 1953 oum
828 1890 949 1952 interea
973 1889 1101 1952 nomina
1123 1887 1278 1952 artificum
1295 1911 1390 1974 saepe

170 2000 291 2054 mutata
319 2001 431 2070 essent,
461 1990 630 2055 eorundem
661 1991 798 2054 omnium
822 1991 961 2070 nomina,
991 1990 1044 2075 qui
1067 2013 1087 2052 a
1108 1989 1313 2074 Pergamenis
1337 1991 1390 2056 de·

171 2091 243 2156 lect-i
266 2104 364 2172 erant,
388 2092 638 2173 aQuinctiliano
663 2103 852 2156 conservata
874 2115 944 2157 esse
966 2115 1029 2156 non
1044 2106 1129 2177 puto.
1161 2091 1227 2156 Iam
1252 2116 1326 2158 vero
1349 2094 1390 2157 ad

170 2193 241 2277 ipsa
267 2194 385 2258 iudicia
413 2195 497 2279 apud
525 2193 774 2274 Quinctilianum
803 2194 902 2258 relata
924 2195 1102 2271 veniamuS,
1134 2203 1229 2278 atque
1255 2195 1389 2281 primum

171 2295 298 2378 quidem
318 2296 456 2381 pictores
478 2295 723 2360 consideremus.
757 2295 925 2379 Duplicem
948 2305 1053 2359 autem
1075 2296 1107 2357 in
1131 2295 1257 2358 modum
1282 2295 1390 2361 decis

172 2396 288 2461 iudicia
309 2398 377 2462 fieri
400 2397 552 2461 ridemus.
583 2398 667 2461 Nam
691 2396 729 2462 de
753 2407 888 2482 quatuor
910 2398 1019 2483 primis
1044 2396 1120 2482 quid
1143 2396 1184 2460 ad
1207 2406 1303 2462 artem
1320 2400 1390 2484 pin-

170 2499 268 2585 gendi
290 2499 491 2578 contulerint,
508 2499 674 2584 exponitur
696 2509 874 2587 temporum
898 2499 1008 2563 ordine
1031 2510 1169 2563 servato:
1193 2498 1391 2583 Polygnotus

173 2612 204 2666 et
226 2598 417 2684 Aglaophon
443 2600 554 2679 „rudia
575 2623 612 2664 ao
633 2601 722 2665 velut
742 2602 865 2666 futurae
888 2601 965 2665 artis
994 2600 1184 2687 primordia“
1210 2613 1390 2685 posuerunt,

171 2711 346 2787 sequuntur
370 2700 486 2766 Zeuxis
515 2694 550 2766 ¹et
580 2701 777 2783 Parrhasiae,
804 2725 937 2788 quorum
965 2701 1052 2786 prior
1084 2702 1235 2765 luminum
1262 2701 1392 2765 umbra·

171 2825 303 2887 rumque
325 2804 484 2868 invenisse
505 2804 668 2884 rationem,
693 2805 849 2869 secundus
872 2804 1102 2868 examinavisse
1126 2802 1270 2866 subtilius
1293 2803 1391 2868 lineas

171 2904 312 2968 traditur.
357 2903 400 2967 Et
422 2904 556 2968 fortasse
583 2905 628 2969 eis
658 2907 754 2969 etiam
776 2905 967 2991 Euphranor
995 2904 1249 2969 adnumerandus
1276 2918 1324 2969 est
1346 2905 1393 2986 (et

171 3007 283 3072 ceteris
307 3006 434 3093 optimis
457 3007 570 3071 studiis
592 3008 674 3071 inter
697 3009 884 3094 praecipuos
898 3005 1083 3072 referendus
1105 3017 1137 3070 et
1159 3005 1309 3091 pingendi
1330 3006 1391 3068 fin-

172 3108 331 3192 gendique
353 3110 450 3172 mirus
474 3108 613 3191 artifex).
648 3108 687 3173 In
711 3110 823 3173 ceteris
844 3109 1021 3194 pictoribus
1044 3106 1265 3170 enumerandis
1288 3129 1392 3191 neque

170 3219 353 3294 temporum,
370 3208 447 3272 ordo
471 3219 629 3289 servatur,
657 3234 758 3295 neque
781 3209 855 3295 quid
884 3210 923 3274 ad
953 3219 1053 3273 artem
1081 3230 1168 3271 suam
1192 3207 1392 3290 contulerint,

172 3311 348 3396 exponitur,
372 3310 428 3374 sed
451 3311 525 3395 quid
543 3313 657 3396 cuique
673 3314 837 3398 proprium
853 3334 922 3377 esse
937 3310 1082 3376 videatur
1101 3332 1163 3373 uno
1179 3333 1278 3396 paene
1295 3311 1392 3374 verbo

171 3411 342 3475 indicatur:
361 3411 574 3496 „Protogenes
587 3436 673 3491 cura,
691 3413 875 3499 Pamphilus
891 3434 928 3476 ac
940 3411 1136 3476 Melanthius
1152 3411 1284 3493 ratione,
1296 3412 1392 3474 Anti-

169 3512 276 3598 philus
299 3512 459 3593 facilitate,
484 3513 571 3578 Theo
594 3513 721 3580 Samius
745 3514 960 3602 concipiendis
983 3513 1171 3592 visionibus,
1190 3513 1321 3598 Apelles
1344 3513 1393 3576 in-

170 3613 263 3697 genio
286 3621 318 3676 et
340 3616 460 3697 gratia“
492 3619 779 3701 praestantissimus
802 3626 879 3681 erat.
929 3617 1040 3700 Neque
1067 3637 1123 3678 eae
1152 3632 1225 3678 sunt
1251 3614 1393 3700 proprie-

170 3724 250 3778 tates
272 3714 356 3795 illae,
380 3737 462 3799 quae
485 3715 526 3780 ad
548 3717 684 3801 pictores
709 3728 831 3782 tantum
845 3717 982 3797 valeant,
1006 3715 1062 3780 sed
1085 3737 1166 3800 quae
1189 3713 1301 3778 eodem
1323 3714 1392 3778 iure

172 3815 210 3879 de
233 3817 347 3900 quavis
370 3818 432 3881 alia
454 3831 521 3883 arte
544 3829 598 3882 aut
619 3818 786 3905 disciplina
809 3819 873 3882 dici
896 3819 1026 3903 possint,
1050 3837 1131 3901 quae
1146 3816 1243 3879 etiam
1258 3817 1299 3880 ob
1322 3837 1393 3879 eam

239 3984 265 4052 1)
284 3986 381 4040 Attiou
402 3990 428 4039 et
451 3986 626 4040 Nicomachus
653 3989 732 4040 etiam
760 3988 831 4055 apud
854 3988 971 4040 Plinium
999 3986 1170 4040 nominantur
1191 3984 1242 4048 (35,
1260 3984 1304 4050 50)
1326 3985 1393 4037 inter

170 4070 327 4124 clarissimos
346 4073 460 4141 pictores
479 4074 525 4139 qui
546 4078 673 4142 ,quatuor
690 4074 821 4126 coloribus
839 4073 997 4126 immortalia
1015 4087 1093 4138 opera
1110 4071 1218 4124 fecere‘.

237 4153 264 4220 2)
284 4157 315 4208 cf.
334 4156 388 4211 Cic.
406 4157 437 4210 da
456 4164 557 4211 oratore
576 4158 622 4225 ΙΙΙ,
640 4157 682 4212 25.
719 4158 818 4211 Brutus
836 4157 861 4222 8,
879 4157 970 4226 32sq,
994 4172 1152 4225 quamquam
1174 4172 1229 4208 non
1247 4171 1336 4208 omnes
1355 4155 1392 4205 aia

171 4241 233 4293 locis
251 4240 402 4295 laudantur.
438 4297 443 4304 ,
