3232 4822
542 984 613 1073 De
643 984 848 1075 fontibus
887 1014 1045 1073 earum

240 1145 358 1230 quae
390 1115 448 1202 ad
479 1125 598 1203 artes
629 1115 863 1232 pertinent
891 1116 1093 1233 partium
1125 1113 1357 1203 Naturalis

375 1245 604 1334 Historiae
635 1245 874 1334 Plinianae
906 1247 1211 1362 quaestiones.

729 1449 879 1456 ———-

280 1563 447 1642 Omnibus,
471 1564 525 1649 qui
548 1563 584 1628 O.
602 1562 696 1627 Plinii
712 1563 871 1628 Naturalis
893 1563 1043 1629 historiae
1058 1564 1199 1628 fontibus
1221 1561 1410 1647 indagandis
1525 1565 1528 1571 ’

195 1687 323 1750 operam
351 1665 436 1746 dant,
464 1664 640 1729 exeundum
667 1675 715 1728 est
741 1665 782 1729 ab
809 1665 865 1742 eis,
892 1688 972 1751 quae
1000 1666 1039 1729 de
1067 1676 1232 1730 auctorum
1254 1664 1426 1728 indicibus.

194 1789 214 1830 a
236 1767 339 1831 Plinio
361 1767 495 1850 singulis
517 1766 728 1831 voluminibus
744 1767 914 1852 praetextis
931 1766 1092 1831 Brunnius
1110 1769 1235 1852 egregie
1252 1766 1409 1832 disseruit.

195 1871 301 1953 Atque
332 1869 468 1954 primum
500 1867 627 1953 quidem
656 1869 706 1932 vir
737 1868 938 1933 doctissimus
969 1868 1181 1954 disputatione
1208 1894 1258 1951 ea,
1287 1871 1337 1934 cui
1363 1870 1411 1931 in·

195 1970 334 2054 scripsit:
369 1969 439 2050 ,De
463 1981 627 2034 auctorum
648 1968 804 2034 indicibus
827 1969 999 2034 Plinianis“
1026 1970 1104 2054 (ind.
1130 1970 1225 2035 schol.
1249 1971 1410 2036 Bonnens.

197 2072 351 2154 ratolti)
374 2071 513 2135 Plinium
535 2081 679 2136 auctores
702 2071 822 2152 codem,
845 2070 962 2155 quoin
986 2072 1209 2157 componendis
1231 2073 1320 2138 libris
1337 2095 1411 2137 usus

196 2184 290 2254 esset,
318 2173 428 2237 ordine
455 2173 550 2238 etiam
577 2174 610 2236 in
636 2173 758 2239 indices
786 2172 940 2253 retulisse,
969 2197 1024 2238 eos
1051 2196 1127 2238 vero
1155 2175 1333 2260 scriptores,
1358 2173 1411 2258 qui

196 2299 274 2361 opus
302 2275 403 2341 denuo
431 2276 615 2339 retractanti
641 2277 673 2339 in
703 2277 845 2340 manibus
873 2275 1018 2356 fuissent,
1047 2277 1078 2339 in
1107 2277 1247 2341 indicum
1272 2277 1335 2340 fine
1356 2274 1411 2344 ad·

197 2379 370 2463 scripsisse,
393 2380 486 2442 certis
509 2379 703 2465 argumentis
725 2378 960 2443 demonstravit.
994 2378 1106 2443 Multis
1129 2390 1201 2465 post
1222 2380 1325 2458 annis,
1342 2400 1413 2444 cum

199 2477 404 2543 Schreiberus
414 2482 444 2560 1)
460 2481 612 2566 pleraque
627 2503 734 2545 eorum
751 2503 831 2566 quac
847 2479 886 2544 de
901 2480 1057 2545 artificum
1071 2482 1237 2559 aetatibus,
1255 2482 1411 2566 operibus,

197 2582 274 2645 artis
297 2603 412 2666 genere
427 2581 511 2667 apud
526 2582 664 2646 Plinium
686 2582 911 2663 invenirentur,
937 2607 954 2648 c
970 2582 1111 2647 Varrone
1134 2583 1318 2669 deprompta
1333 2605 1413 2665 esse,

199 2684 373 2748 Varronem
396 2693 501 2748 autem
525 2684 644 2748 maiore
667 2694 699 2748 et
720 2685 872 2770 peculiari
899 2683 1034 2769 quodam
1063 2707 1157 2770 opere
1179 2685 1293 2749 artium
1315 2683 1414 2748 histo-

197 2786 278 2851 riam
300 2786 517 2873 explicavisse,
541 2785 764 2864 contendisset,
780 2785 941 2851 Brunnius
957 2809 1064 2851 eorum
1086 2788 1139 2871 qui
1162 2788 1204 2851 ad
1225 2797 1308 2851 artes
1324 2808 1414 2872 spec-

198 2900 266 2954 tant
286 2890 439 2954 librorum
460 2888 580 2953 indices
603 2889 780 2953 accuratius
802 2890 1069 2973 perscrutatusl),
1094 2887 1273 2953 Schreiberi
1289 2898 1413 2953 senten-

199 2994 273 3055 tiam
295 2991 403 3056 reiecit
425 3000 519 3075 atque
546 2999 610 3054 tres
636 2991 682 3054 ibi
707 2990 903 3075 potissimum
934 3002 1077 3055 auctores
1104 2990 1136 3053 in
1166 3013 1258 3055 usum
1283 3003 1414 3056 vocatos

199 3117 268 3159 esse
297 3092 437 3172 edocuit,
465 3092 656 3172 Varronem,
691 3091 875 3156 Cornelium
902 3091 1069 3177 Nepotem,
1104 3114 1121 3155 e
1153 3090 1285 3157 Graecis
1312 3093 1414 3157 solum

200 3195 380 3260 Pasitelem.
436 3193 542 3274 Quam
568 3192 702 3256 Brunnii
731 3195 931 3275 sententiam,
967 3215 1156 3278 quamquam
1184 3194 1326 3280 plerique
1353 3196 1413 3259 viri

201 3297 285 3361 docti
308 3297 361 3381 qui
377 3304 487 3380 postea
502 3296 533 3358 in
551 3294 644 3358 Plinii
658 3294 763 3358 fontes
777 3294 1009 3380 inquisiverunt
1024 3294 1102 3359 adeo
1119 3296 1413 3380 comprobaverunt,

200 3410 235 3463 ut
250 3399 337 3484 quasi
354 3396 566 3462 fundamentis
582 3420 620 3461 ea
640 3396 858 3475 inniterentur,
881 3407 987 3460 tamen
1009 3397 1273 3481 quemadmodum
1290 3407 1322 3462 et
1338 3421 1415 3483 qua-

200 3511 292 3566 tenus
314 3523 412 3563 unum
434 3522 586 3585 quemque
608 3499 733 3562 illorum
757 3508 921 3562 auctorum
945 3497 1066 3562 Plinius
1088 3498 1276 3580 adhibuerit,
1301 3500 1415 3563 mirum

202 3626 297 3688 quam
318 3603 424 3667 variae
448 3601 723 3688 discrepantesque
746 3601 808 3665 sint
831 3601 1012 3665 sententiae.
1071 3603 1177 3687 Atque
1198 3601 1267 3687 ipse
1289 3601 1415 3686 quidem

202 3706 361 3770 Brunnius
385 3705 504 3790 (eadem
532 3726 627 3789 quam
652 3701 747 3768 modo
775 3701 912 3767 diximus
938 3701 1163 3788 disputatione)
1192 3705 1299 3769 multis
1321 3703 1415 3767 Plinii

202 3830 274 3872 cum
299 3807 441 3877 Cornelii
468 3805 599 3892 Nepotis
627 3805 705 3870 locis
727 3801 938 3890 comparatis,
967 3828 1006 3868 ex
1033 3803 1185 3868 sermonis
1212 3800 1415 3867 similitudine

273 3977 297 4042 1)
316 3977 487 4041 Quaestiones
505 3975 536 4029 de
553 3973 684 4029 artificum
707 3973 837 4028 aetatibus
858 3974 886 4026 in
905 3973 985 4026 Plinii
1003 3972 1062 4026 Nat.
1081 3972 1142 4026 hist.
1160 3972 1232 4025 libris
1250 3971 1338 4024 relatis
1357 3987 1414 4039 spe·

202 4065 296 4117 cimen.
315 4065 378 4116 diss.
396 4063 496 4130 Lipsiae
517 4060 593 4114 1872.

271 4149 297 4215 2)
317 4147 454 4202 Oomelius
472 4146 559 4214 Nepos
576 4146 633 4199 und
650 4146 691 4198 die
712 4145 886 4198 kunsturteile
905 4145 945 4197 bei
959 4144 1067 4198 Plinius.
1103 4141 1354 4211 (Sitzungsberichte
1372 4143 1418 4194 der

203 4238 276 4307 bayr.
294 4235 434 4290 diademis
453 4233 521 4287 1875
538 4251 565 4302 p.
583 4233 633 4287 311
644 4237 692 4304 sq.)
