3232 4822
838 306 876 366 14

753 391 955 399 -—-—-—

766 555 885 656 caput
912 557 947 635 ΙΙ.

327 690 379 754 Ac
403 689 442 754 de
465 691 567 776 prima
589 690 715 777 quidem
738 700 828 778 parte
852 692 930 756 satis
953 691 1069 756 dictum
1100 701 1161 773 est3
1192 693 1342 777 sequitur,
1366 704 1401 758 ut
1423 695 1465 761 de

241 790 367 855 iudiciis
390 790 429 855 de
452 802 519 857 arte
533 792 859 878 praeclarissimorum
881 793 1037 858 artificum
1058 793 1151 858 factis
1172 796 1347 860 accuratius
1368 798 1461 881 paulo

244 894 444 959 disseramus.

328 993 456 1081 Septem
489 994 626 1060 artifices
660 995 745 1082 apud
767 994 907 1059 Plinium
929 997 996 1080 (34,
1021 999 1061 1060 54
1084 1003 1147 1083 sq.)
1173 998 1206 1061 in
1239 1022 1369 1064 numero
1397 1011 1462 1064 sta-

242 1098 413 1162 tuariorum
441 1097 710 1162 nobilissimorum
737 1096 933 1161 referuntur:
967 1096 1113 1180 Phidias,
1137 1099 1332 1184 Polycletus,
1356 1101 1460 1187 Myro,

241 1198 454 1285 Pythagoras,
477 1198 655 1284 Lysippus,
681 1197 892 1284 Telephanes,
915 1198 1100 1264 Praxiteles.
1147 1201 1282 1265 Accedit
1309 1200 1461 1286 Calamis,

243 1301 382 1367 caelator
401 1301 453 1364 ille
475 1299 624 1384 insignis,
653 1299 707 1385 qui
730 1300 824 1364 etiam
847 1299 931 1382 apud
955 1301 1117 1366 Romanos
1139 1325 1254 1387 magna
1276 1304 1462 1369 auctoritate

241 1403 376 1468 florebat
398 1401 452 1485 (cf.
476 1399 558 1466 Plin.
582 1405 632 1483 34,
656 1403 723 1484 47),
748 1401 836 1466 cuius
860 1423 930 1465 cum
953 1402 1016 1466 iam
1043 1402 1125 1466 inter
1148 1403 1320 1468 caelatores
1342 1407 1459 1470 mentio

241 1506 326 1570 facta
348 1515 432 1569 esset
454 1505 521 1588 (33,
547 1505 623 1585 156)
647 1527 744 1588 opera
770 1526 809 1567 ex
837 1526 908 1568 aere
935 1504 1022 1568 facta
1044 1505 1207 1569 commode
1232 1504 1295 1570 hoc
1320 1506 1390 1570 loco
1412 1507 1461 1572 in·

242 1616 397 1685 seruntur,
421 1629 482 1686 quo
505 1604 674 1669 Praxitelis
696 1606 730 1667 in
754 1628 827 1669 eum
849 1606 1029 1690 benignitas
1051 1605 1208 1670 landatur.
1253 1607 1300 1670 At
1322 1607 1460 1673 clarissi-

241 1708 301 1772 mis
325 1707 487 1772 statuariis
511 1714 596 1771 certe
619 1706 875 1770 adnumerandus
897 1729 960 1769 non
976 1718 1033 1772 est.
1065 1707 1215 1793 Quinque
1237 1718 1344 1773 autem
1365 1709 1459 1793 primi

241 1809 377 1873 artifices
399 1807 481 1873 inter
503 1831 537 1872 se
561 1807 695 1872 connexi
719 1817 793 1871 sunt
814 1807 938 1872 iudiciis
961 1808 1033 1889 illis,
1062 1831 1143 1894 quae
1166 1831 1183 1873 e
1205 1809 1387 1875 Xenocrate
1410 1811 1460 1875 vel

241 1909 406 1994 Antigono
428 1908 541 1974 hausta
558 1909 640 1995 apud
653 1907 829 1974 Varronem
845 1908 953 1989 fuisse,
976 1909 1050 1974 inde
1074 1932 1092 1972 a
1106 1909 1211 1973 Plinio
1226 1911 1258 1974 in
1274 1935 1353 1998 opus
1368 1934 1460 1976 suum

240 2021 368 2098 recepta
389 2033 468 2093 esse,
492 2013 609 2096 primus
631 2010 803 2095 Briegerus
827 2011 861 2093 (l.
878 2012 898 2075 l.
914 2035 945 2098 p.
963 2012 1019 2094 46)
1041 2012 1215 2076 luculenter
1240 2011 1374 2080 edocuit.
1405 2014 1459 2078 Ad

241 2113 442 2198 Antigonum
470 2123 502 2177 et
524 2112 739 2176 Xenocratem
768 2112 897 2177 eosdem
925 2113 1020 2177 etiam
1048 2113 1145 2177 Plinii
1173 2115 1271 2178 verba
1293 2115 1364 2195 (34,
1387 2116 1458 2196 68):

244 2214 415 2296 „Artifices
437 2214 491 2299 qui
515 2213 699 2297 compositis
735 2213 948 2279 voluminibus
982 2214 1150 2280 condidere
1183 2214 1262 2279 haec
1283 2216 1371 2280 miris
1392 2216 1462 2279 lau-

243 2316 336 2379 dibus
359 2315 519 2380 celebrant
541 2313 745 2400 Telephanen
766 2314 948 2379 Phocaeam
973 2364 979 2378 .
1004 2368 1010 2381 .
1036 2367 1042 2379 .
1068 2320 1107 2396 .“,
1132 2325 1273 2402 spectare
1296 2339 1368 2380 cum
1391 2339 1461 2401 per-

242 2418 386 2501 spicuum
408 2416 457 2496 sit,
474 2413 672 2500 Telephanes
695 2438 820 2503 quoque
842 2417 882 2480 ab
906 2417 952 2480 eis
974 2417 1008 2479 in
1030 2416 1301 2501 praeclarissimos
1323 2417 1461 2482 artifices

241 2517 359 2582 relatus
383 2528 440 2582 est.
470 2516 553 2581 Nam
577 2539 772 2602 quamquam
794 2540 857 2581 non
873 2517 1014 2606 Lysippo
1037 2540 1095 2604 par
1118 2517 1251 2599 ducitur,
1275 2540 1370 2603 quem
1392 2519 1462 2603 opi-

240 2619 334 2683 nione
357 2628 462 2684 sectae
484 2618 664 2704 Lysippeae
687 2642 780 2684 nemo
812 2620 975 2705 aequavit,
1003 2630 1109 2685 tamen
1130 2618 1297 2703 Polyclito,
1321 2618 1459 2703 Myroni,

240 2719 442 2804 Pythagorae
474 2731 638 2806 aequatur.
684 2723 795 2807 Neque
825 2722 997 2807 quidquam
1026 2723 1146 2800 obstat,
1175 2742 1230 2784 our
1258 2720 1369 2785 eodem
1389 2721 1460 2786 loco

242 2845 311 2886 eum
335 2832 609 2887 commemoratum
634 2845 704 2887 esse
726 2832 885 2908 putemus:
909 2822 1014 2907 itaque
1038 2844 1118 2906 quae
1141 2821 1180 2885 de
1194 2821 1374 2908 Telephane
1397 2833 1460 2887 tra

242 2923 358 2987 duntur
378 2924 452 2987 item
475 2946 532 3009 per
546 2923 725 2987 Varronem
748 2923 788 2986 ad
810 2922 950 2987 Plinium
973 2923 1100 2988 venisse
1121 2922 1267 2987 arbitror.
1304 2922 1460 2988 Iudicium

241 3035 345 3090 autem
368 3023 407 3089 de
435 3033 501 3088 arte
530 3025 790 3110 praestantissimi
816 3025 945 3090 artificis
972 3047 1028 3090 cur
1054 3047 1117 3088 non
1146 3023 1291 3104 fecerint,
1324 3024 1460 3090 artifices

240 3127 286 3190 illi
308 3150 374 3191 eam
392 3125 631 3192 exeusationem
652 3126 796 3191 attulisse
813 3126 970 3206 videntur,
987 3136 1031 3209 ut,
1049 3148 1241 3211 quamquam
1256 3149 1370 3190 nomen
1393 3127 1460 3191 eius

241 3229 480 3294 celeberrimum
505 3235 599 3307 esset,
622 3237 728 3292 tamen
753 3228 793 3293 de
815 3240 883 3293 arte
906 3250 940 3293 se
955 3227 1095 3293 indicare
1110 3251 1175 3292 non
1197 3249 1290 3312 posse
1309 3227 1459 3306 dicerent,

241 3331 392 3414 quoniam
413 3352 510 3416 opera
533 3329 600 3393 eius
620 3352 683 3393 non
704 3328 870 3411 vidissent,
894 3352 974 3415 quae
996 3330 1029 3393 in
1045 3329 1211 3394 Thessalia
1225 3330 1367 3394 laterent.
1396 3328 1461 3394 Sed

241 3454 314 3497 cum
340 3431 373 3494 hi
395 3430 605 3516 Telephanem
636 3431 796 3517 plerisque
827 3432 970 3515 ignotum
1005 3453 1074 3496 esse
1107 3430 1180 3495 ideo
1213 3440 1373 3516 putarent,
1409 3431 1460 3496 alii

240 3533 412 3619 ignobilem
435 3555 506 3598 eum
528 3533 627 3597 fuisse
651 3532 863 3597 tradiderunt:
894 3532 999 3617 „quod
1025 3555 1059 3597 se
1086 3554 1197 3616 regum
1219 3531 1337 3596 Xerxis
1366 3542 1461 3618 atque

241 3634 341 3699 Darei
364 3633 502 3699 officinis
518 3633 704 3698 dediderit“.
737 3632 828 3699 Haec
843 3633 1023 3698 Polemonis
1039 3634 1138 3698 verba
1154 3654 1222 3698 esse
1246 3631 1418 3696 Urlichsius
1431 3635 1461 3716 ¹)

240 3760 306 3801 non
329 3736 398 3801 sine
420 3736 529 3822 aliqua
550 3736 776 3822 probabilitate
792 3736 936 3801 coniecit.
971 3737 1082 3822 Neque
1098 3747 1205 3802 tamen
1220 3757 1277 3821 per
1289 3733 1464 3799 Varronem

240 3836 344 3901 Plinio
372 3837 547 3903 innotuisse
574 3837 732 3918 videntur,
760 3837 816 3902 sed
842 3838 948 3924 potius
975 3860 1031 3922 per
1055 3837 1236 3902 Pasitelem.
1281 3834 1366 3899 Nam
1388 3858 1461 3901 cum

241 3948 325 4003 certe
347 3939 387 4003 de
410 3941 591 4004 Artaxerxe
619 3948 651 4003 et
673 3938 780 4003 Dareo
803 3939 911 4004 Notho
934 3937 1137 4024 cogitandum
1159 3938 1214 4019 sit,
1242 3959 1329 4001 error
1354 3938 1462 4023 quiin

238 4041 347 4105 verbis
373 4040 503 4119 ‚Xerxis
525 4050 556 4106 et
580 4039 685 4104 Darei’
714 4040 800 4120 latet,
823 4039 961 4105 Varroni
987 4039 1086 4103 tribui
1113 4061 1177 4102 non
1201 4037 1303 4119 debet,
1327 4037 1383 4104 sed
1403 4039 1463 4123 ipsi

310 4242 336 4308 1)
355 4243 441 4298 Ueber
458 4242 555 4312 griech.
574 4242 846 4296 kunstsehriftsteller.
880 4243 1029 4311 Wdrzburg
1048 4240 1124 4295 1887.
1160 4258 1185 4310 ρ.
1203 4241 1284 4312 asssq.
