3232 4822
792 309 828 369 11

710 394 909 404 „—

197 475 397 561 ,aequalitate
432 497 562 560 operum
595 474 756 541 celebrati'
790 476 830 560 (ξ
843 503 845 507 ·
860 475 922 558 85)
955 482 986 536 et
1019 473 1083 558 ,qui
1121 471 1262 537 eiusdem
1295 472 1419 555 generis

198 600 293 663 opera
319 576 475 640 fecissent‘
503 575 544 659 (ἓ
569 578 715 661 86-92)
743 585 1011 656 enumerarentur,
1040 574 1123 638 hanc
1150 572 1352 660 partitionem
1378 573 1419 637 ab
1483 598 1485 601 ·

198 679 267 764 ipso
289 677 399 752 Plinio⁴
426 676 545 741 iactam
578 699 647 743 esse
680 688 778 757 ratus,
814 702 909 742 unum
943 675 1091 754 indicem,
1126 698 1187 761 quo
1220 696 1284 739 non
1318 675 1420 739 solum

198 779 335 858 fictores,
358 778 414 843 sed
437 779 531 844 etiam
554 778 690 864 pictores
713 780 957 858 continerentur,
986 777 1071 862 apud
1094 776 1279 857 Varronem,
1302 776 1420 841 Roma-

198 904 274 944 num
295 881 328 943 in
351 879 409 944 hac
431 903 465 944 re
486 880 583 944 Plinii
612 891 774 946 auctorem
800 880 899 945 fuisse
926 879 1095 944 arbitratus
1118 889 1166 942 est
1188 878 1223 963 (l.
1239 879 1258 942 l.
1283 902 1314 963 p.
1333 880 1419 960 106).

199 982 308 1066 Neque
331 1003 404 1046 vcro
427 983 467 1045 ab
490 982 559 1068 ipso
582 981 726 1047 Varrone
748 982 834 1047 illum
858 981 994 1046 indicem
1018 981 1225 1065 compositum
1248 1003 1317 1045 esse
1339 979 1421 1044 iudi-

200 1084 292 1162 cavit,
321 1082 378 1146 sed
403 1106 421 1146 e
449 1081 574 1148 Graeco
600 1083 735 1170 quodam
764 1083 917 1171 scriptore
947 1084 1055 1168 (quem
1082 1105 1147 1146 non
1173 1081 1359 1160 nominavit,
1389 1091 1422 1144 at

200 1195 285 1248 certe
306 1183 478 1248 Pasitelem
505 1183 603 1249 fuisse
628 1185 762 1268 intelligi
790 1186 877 1266 vult)
911 1183 1149 1268 transscriptum
1184 1205 1253 1247 esse
1286 1181 1422 1247 coniecit

200 1287 272 1367 (1.1.
293 1309 323 1371 p.
344 1288 430 1368 169).
480 1285 577 1350 Hunc
607 1286 706 1370 igitur
738 1285 876 1350 indicem
909 1287 978 1371 ipse
1011 1285 1176 1350 restituere
1203 1295 1334 1348 conatus
1363 1294 1420 1363 est,

201 1388 346 1451 omnibus
362 1409 440 1473 quos
456 1409 496 1451 cx
511 1388 582 1451 aliis
598 1388 782 1453 auctoribus
798 1387 923 1453 additos
940 1410 1009 1451 esse
1025 1397 1175 1464 censeret,
1191 1387 1269 1450 locis
1285 1385 1419 1451 omissis

200 1489 268 1552 lam
290 1511 376 1568 vero,
400 1511 472 1552 cum
494 1478 531 1552 eo
555 1489 616 1553 sibi
644 1489 911 1574 proficiscendum
939 1510 1008 1554 esse
1036 1497 1171 1573 putaret,
1199 1486 1289 1550 utin
1313 1489 1359 1551 eis
1382 1486 1421 1552 de

200 1590 314 1674 quibus
330 1591 452 1674 agimus
470 1589 607 1653 Pliniani
622 1590 726 1674 operis
742 1590 885 1674 partibus
901 1599 966 1654 tres
990 1598 1132 1652 auctores
1154 1589 1187 1651 in
1211 1609 1302 1652 usum
1317 1590 1419 1652 vocati

201 1701 314 1770 essent,
330 1692 439 1772 Verre,
454 1689 621 1757 Cornelius
637 1692 756 1776 Nepos,
772 1691 938 1772 Pasiteles,
957 1713 996 1755 ea
1010 1702 1113 1755 autem
1130 1713 1211 1776 quae
1226 1689 1265 1754 ad
1281 1691 1422 1775 Augusti

200 1804 342 1876 tempora
369 1803 548 1878 spectarent
573 1815 638 1856 non
664 1793 727 1856 iam
754 1816 773 1856 1
799 1791 944 1857 Varrone
978 1803 1224 1856 commemorata
1251 1815 1320 1857 esse
1349 1814 1420 1856 cum

200 1893 362 1958 Urlichsio
394 1893 521 1974 faceret,
555 1895 691 1980 primum
725 1916 833 1958 omnes
867 1915 921 1957 eos
954 1893 1052 1972 locos,
1082 1892 1136 1978 qui
1169 1892 1209 1957 ad
1243 1895 1422 1980 principum

200 1994 416 2059 Romanorum
437 2006 581 2081 tempora
602 1996 806 2082 pertinerent,
835 2017 944 2059 omnes
972 1993 1085 2059 deinde
1108 2017 1170 2075 coe,
1194 1995 1248 2081 qui
1271 1994 1421 2060 Muciano

200 2097 228 2160 ei
251 2095 433 2160 viderentur
455 2096 616 2161 tribuendi
637 2119 716 2173 esse,
732 2097 819 2161 locos
844 2095 994 2160 delendos
1018 2117 1087 2160 esse
1111 2090 1242 2178 censuit,
1258 2119 1337 2181 quos
1356 2120 1421 2160 non

200 2220 272 2261 cum
294 2197 453 2284 primariis
479 2198 620 2263 fontibus
649 2197 828 2262 cohaesisse
856 2196 913 2262 sed
938 2198 972 2260 in
999 2197 1170 2261 orationem
1195 2197 1331 2262 insertos
1353 2220 1421 2262 esse

200 2300 292 2364 facile
320 2311 388 2363 erat
414 2299 455 2364 ad
485 2299 774 2365 demonstrandum.
818 2299 845 2363 F
846 2298 967 2363 abellae
1001 2320 1126 2384 quoque
1159 2298 1242 2380 illas,
1277 2323 1358 2386 quae
1388 2300 1421 2362 in

200 2400 281 2465 libro
304 2399 433 2465 XXXV
461 2401 661 2486 potissimum
687 2401 899 2482 inveniuntur,
928 2422 1001 2464 cum
1029 2398 1070 2464 ad
1092 2398 1227 2464 indicem
1251 2400 1292 2465 ad
1314 2401 1422 2466 literas

201 2501 388 2587 dispositum
417 2501 547 2565 minime
572 2501 726 2589 quadrare
754 2501 950 2583 viderentur,
979 2524 1018 2565 ex
1046 2501 1108 2564 alio
1137 2510 1264 2566 auctore
1292 2502 1421 2568 haustas

200 2624 271 2667 esse
293 2624 428 2687 eumque
452 2601 630 2667 Cornelium
654 2603 813 2688 Nepotem
845 2624 916 2668 esse
950 2601 1121 2681 contendit,
1154 2603 1272 2687 quippe
1307 2603 1361 2688 qui
1389 2604 1421 2666 in

199 2703 356 2788 pictorum
378 2703 459 2768 libro
483 2704 560 2768 alter
581 2704 652 2768 fons
674 2703 843 2789 primarius
866 2703 1037 2768 accederet
1082 2705 1216 2768 Aetates
1231 2727 1308 2769 vero
1324 2703 1422 2768 artifi-

200 2827 272 2869 cum
294 2805 358 2870 iam
379 2805 412 2868 in
434 2804 537 2869 indice
561 2803 685 2870 additas
706 2803 814 2885 fuisse,
839 2826 895 2868 cur
910 2803 1113 2883 existimaret,
1131 2803 1312 2869 Schreiberi
1328 2826 1422 2889 argu-

199 2908 313 2972 mentis
337 2905 492 2971 adductus
515 2916 572 2988 est,
596 2907 711 2993 quibus
733 2907 787 2971 ille
810 2907 1069 2991 comprobavisse
1092 2905 1154 2970 sibi
1177 2905 1264 2971 visus
1287 2917 1334 2972 est
1350 2907 1385 2992 (l
1401 2908 1421 2971 l.

199 3031 229 3093 p.
247 3009 303 3091 22)
326 3008 549 3072 statuariorum
572 3008 750 3092 catalogum
772 3007 1027 3092 chronologicum
1050 3030 1121 3072 cum
1138 3008 1179 3091 ἕξ
1196 3009 1322 3072 54-72
1339 3009 1423 3074 eius-

200 3110 273 3173 dem
287 3109 363 3173 libri
377 3108 463 3194 apud
478 3108 573 3173 Plinii
595 3109 716 3172 iontem
736 3109 936 3172 coniunctum
958 3108 1067 3190 fuisse,
1090 3109 1197 3195 itaque
1220 3109 1253 3173 in
1275 3111 1422 3195 operibus

200 3210 425 3276 statuariorum
448 3209 668 3276 enumerandis
692 3209 786 3274 simul
809 3218 928 3275 aetates
952 3210 1093 3275 adiectas
1115 3232 1193 3290 esse,
1210 3210 1293 3274 sicut
1314 3212 1422 3275 etiam-

198 3337 273 3376 num
299 3312 332 3376 in
359 3313 439 3377 libro
462 3311 592 3376 XXXV
618 3311 734 3376 lactum
762 3334 831 3376 esse
858 3310 1012 3377 videmus.
1059 3312 1132 3393 Qua
1158 3335 1192 3376 re
1220 3313 1339 3378 factum
1365 3323 1422 3395 est,

199 3427 234 3479 ut
255 3416 284 3479 ei
307 3415 455 3495 artifices,
480 3417 533 3500 qui
555 3425 610 3479 aut
632 3425 705 3479 ante
730 3415 848 3499 olymp.
871 3414 913 3478 83
936 3424 990 3497 apt
1010 3414 1095 3479 intra
1118 3415 1235 3502 olymp.
1255 3417 1439 3480 121-156.

197 3517 332 3580 fuissent
353 3516 394 3580 ab
417 3514 523 3580 indice
548 3515 801 3594 excluderentur,
824 3516 907 3580 sicut
920 3514 1108 3598 Pergameni
1130 3517 1185 3594 illi,
1204 3517 1258 3602 qui
1271 3517 1376 3581 Attali
1391 3527 1423 3582 et

198 3617 351 3682 Eumenis
378 3617 530 3683 adversus
559 3616 669 3683 Gallos
695 3616 817 3702 proelia
842 3614 984 3702 fecerant
1012 3617 1078 3699 (34,
1103 3618 1168 3699 83).
1221 3617 1303 3681 Eam
1328 3641 1422 3704 porro

199 3720 313 3784 indicis
336 3720 384 3784 sui
407 3719 617 3784 conditionem
640 3718 739 3784 fuisse
762 3717 894 3804 putavit,
911 3731 947 3781 ut
969 3717 1025 3782 ubi
1047 3718 1245 3804 artis-opera
1268 3717 1422 3783 collocata

199 3831 312 3902 essent,
345 3843 501 3907 nusquam
533 3819 735 3899 indicaretur,
768 3820 839 3905 ipsa
872 3827 978 3883 autem
1013 3841 1110 3904 opera
1136 3842 1209 3884 eum
1236 3821 1268 3883 in
1294 3819 1419 3884 modum

199 3920 343 3987 ordinata
364 3940 478 4002 essent,
503 3931 537 3986 ut
557 3921 696 4008 primum
719 3920 849 3986 deornm
873 3919 1052 4002 simulacra,
1070 3920 1184 3986 deinde
1207 3933 1311 3986 cetera
1330 3922 1423 4006 signa

196 4023 411 4104 laudarentur,
439 4024 535 4110 idque
561 4024 639 4111 ipsis
667 4021 765 4086 Plinii
794 4020 899 4086 verbis
922 4021 995 4085 libri
1018 4023 1058 4087 34
1083 4023 1102 4106 ᾗ
1126 4024 1167 4086 49
1190 4023 1302 4107 positis
1325 4023 1423 4109 signi-

196 4125 284 4189 ficari
306 4134 409 4210 putat:
445 4125 644 4205 ,Minoribus
666 4123 842 4188 simulacris
865 4121 1027 4209 signisque
1050 4124 1216 4188 innumera
1231 4147 1329 4211 prope
1345 4125 1421 4190 arti-

197 4226 295 4291 ficum
327 4225 495 4290 multitudo
528 4227 697 4291 nobilitata
730 4226 808 4289 est“.
873 4224 921 4288 At
954 4224 1044 4288 alteri
1078 4226 1252 4291 sententiae
1288 4249 1422 4312 magnas
