3232 4822
786 311 825 373 15

197 477 301 541 Plinio
324 476 449 542 Graeca
470 479 569 542 verba
588 479 792 564 neglegenter
813 480 1046 545 transvertenti.
1092 477 1306 562 Pythagoram
1330 476 1417 541 Rhe·

195 579 304 662 ginum
328 578 452 642 Plinius
487 578 652 664 distinguit
680 604 700 644 a
730 579 852 659 Samio,
879 580 1028 664 idemque
1057 603 1144 644 error
1174 579 1307 643 recurrit
1332 577 1416 662 apud
1521 607 1523 613 ·

196 679 372 764 Diogenem
395 680 559 745 Laertium
583 681 690 764 (VIII.
709 686 735 747 1.
755 682 820 765 25).
858 680 909 745 Ibi
932 705 1002 746 eum
1026 682 1121 747 etiam
1144 680 1282 746 eiusdem
1307 676 1417 742 iudicii

196 780 234 844 de
257 790 324 845 arte
341 781 408 845 eius
429 781 507 846 facti
521 805 596 867 pars
613 795 800 848 conservata
815 784 865 863 sit,
888 783 950 846 iam
976 783 1058 868 apud
1074 805 1273 848 communem
1288 781 1417 858 fontem,

196 882 248 946 cui
270 881 390 946 indicia
412 883 466 946 illa
482 882 645 963 debentur,
664 884 743 949 duos
758 884 957 970 Pythagoras
974 884 1124 968 distingui
1138 881 1417 965 Furtwaenglerus

198 993 283 1047 recte
303 983 384 1047 vidit
399 985 444 1069 (p.
463 986 503 1049 70
524 1010 555 1050 n.
574 987 639 1067 13),
681 986 782 1072 Atqui
798 1008 870 1050 eum
886 985 1071 1064 Pausanias,
1095 985 1149 1070 qui
1172 1007 1268 1049 unum
1283 1005 1417 1068 eumque

198 1084 376 1168 Rheginum
404 1086 494 1149 novit
517 1085 572 1168 (of.
596 1086 691 1152 Paus.
708 1087 772 1168 VI,
796 1090 826 1150 4.
849 1090 879 1150 4.
903 1085 961 1164 VI,
986 1087 1035 1150 13.
1063 1090 1088 1149 1.
1112 1085 1253 1170 saepius)
1281 1085 1417 1148 multae

196 1184 367 1250 Polemone
389 1187 565 1270 hauriat1),
588 1188 671 1253 hanc
694 1211 820 1273 quoque
841 1188 1020 1252 Pausaniae
1044 1188 1230 1251 sententiam
1252 1185 1419 1251 Polemoni

198 1285 317 1367 deberi,
340 1297 435 1372 atque
456 1289 490 1351 in
512 1290 558 1353 eis
575 1312 655 1374 quae
678 1288 831 1354 adversus
842 1289 1038 1372 Antigonum
1063 1289 1189 1374 scripsit
1206 1288 1417 1353 voluminibus

198 1388 373 1474 expositam
405 1388 503 1453 fuisse
526 1389 702 1455 Urlichsius
735 1390 812 1453 mihi
841 1389 968 1474 quidem
995 1389 1153 1476 persuasit
1180 1389 1419 1472 (kunstsohrift-

198 1488 305 1552 steller
326 1513 356 1575 p.
373 1491 440 1570 40).
473 1489 621 1577 Sequitur
644 1485 679 1555 ut
702 1491 780 1555 duos
804 1490 1004 1575 Pythagoras
1026 1492 1125 1556 fuisse
1148 1490 1301 1574 Antigoni
1324 1490 1419 1554 fuerit

199 1591 363 1654 sententia.
408 1584 478 1656 Iam
502 1615 573 1657 cum
595 1593 744 1657 iudicium
768 1593 807 1656 de
828 1592 1013 1678 Pythagora
1035 1591 1155 1656 facturn
1177 1592 1262 1678 apud
1282 1594 1420 1676 Antigo-

198 1713 271 1754 num
288 1690 387 1757 fuisse
401 1693 659 1775 intellexerimus,
671 1717 799 1760 necesse
816 1705 864 1759 est
880 1695 986 1759 omnia
1002 1717 1040 1758 ea
1054 1694 1170 1758 iudicia
1186 1693 1225 1758 de
1240 1695 1419 1777 insignibus

199 1793 359 1858 statuariis
380 1794 467 1858 faeta
487 1818 544 1880 per
565 1796 780 1860 Xenocratem
803 1795 844 1859 ad
867 1797 1066 1880 Antigonum
1094 1795 1244 1859 venerint.
1295 1795 1420 1860 Iudicia

200 1917 275 1958 vero
301 1894 351 1960 his
383 1896 500 1961 similia
528 1919 597 1961 cum
627 1897 720 1961 etiam
753 1898 786 1961 in
813 1898 896 1962 libro
929 1896 1060 1962 XXXV
1088 1898 1290 1961 inveniant-ur
1324 1909 1419 1981 atque

199 1996 396 2062 simillimum
418 1998 546 2084 quidem
568 1999 599 2062 id
624 1998 708 2085 quod
731 1998 770 2063 de
789 1998 960 2064 Parrhasio
983 2000 1102 2064 factum
1125 2008 1174 2064 est
1189 2000 1255 2080 (35,
1272 2000 1337 2081 67),
1360 1997 1421 2061 hoc

199 2097 268 2163 loco
290 2121 329 2163 ea
350 2123 477 2185 ponam:

201 2200 251 2280 35,
275 2201 316 2264 60
339 2200 378 2265 de
400 2201 610 2288 Apollodoro:
656 2202 708 2268 hic
741 2204 876 2290 primum
914 2203 1035 2286 species
1070 2202 1245 2288 exprimere
1277 2202 1420 2280 instituit,

353 2303 535 2388 primusque
556 2302 691 2386 gloriam
712 2304 859 2389 penicillo
883 2304 950 2367 iure
973 2303 1114 2368 contulit.

200 2403 250 2482 35,
275 2404 314 2466 64
338 2404 377 2467 de
399 2403 553 2468 Zeuxide:
577 2404 818 2489 reprehenditur
841 2405 976 2487 (tamen)
1001 2427 1058 2468 ceu
1081 2403 1232 2488 grandior
1253 2403 1286 2466 in
1309 2405 1421 2490 capiti-

352 2505 412 2568 bus
435 2505 650 2592 articulisque.
664 2506 694 2587 ⁹)

201 2604 252 2686 35,
276 2605 316 2668 67
339 2604 378 2668 de
406 2604 591 2671 Parrhasio:
627 2607 745 2692 primus
768 2608 974 2691 symmetrian
1001 2606 1146 2691 picturae
1174 2605 1269 2685 dedit,
1303 2606 1421 2697 primus

354 2709 496 2791 argutias
519 2708 633 2788 voltus,
658 2708 848 2792 elegantiam
872 2708 987 2792 capilli,
1012 2717 1211 2772 venustatem
1234 2708 1308 2786 oriS,
1332 2707 1422 2789 (eon-

353 2809 507 2873 fesssione
529 2810 700 2892 artificum)
723 2811 756 2873 in
778 2809 861 2873 liniis
884 2810 1032 2873 extremis
1055 2809 1191 2895 palmam
1214 2807 1358 2893 adeptus.

203 2911 252 2989 35,
278 2910 338 2974 128
362 2910 401 2975 de
417 2909 642 2993 Euphranore:
666 2911 717 2975 hic
739 2912 860 2998 primus
882 2910 1006 2975 videtur
1033 2911 1225 2996 expressisse
1254 2909 1422 2994 dignitates

354 3010 483 3075 heroum
506 3021 538 3075 et
561 3034 730 3098 usurpasse
753 3014 966 3098 symmetrian,
991 3013 1045 3076 sed
1071 3011 1132 3074 fuit
1160 3012 1191 3074 in
1215 3012 1422 3076 universitate

354 3132 517 3197 corporum
542 3113 654 3177 exilior
676 3124 708 3177 et
730 3113 886 3199 capitibus
909 3113 1112 3198 articulisque
1135 3112 1292 3196 grandior.
1305 3115 1337 3195 ³)

202 3213 253 3294 35,
278 3213 318 3277 38
342 3210 381 3276 de
406 3213 550 3278 Aristide
583 3214 750 3279 Thebano:
785 3215 812 3278 is
841 3215 982 3278 omnium
1008 3214 1128 3298 primus
1156 3215 1296 3278 animum
1321 3213 1424 3299 pinxit

356 3324 387 3378 et
409 3337 520 3380 sensus
543 3315 680 3381 hominis
704 3317 870 3401 expressit,
887 3338 967 3401 quae
983 3325 1100 3379 vocant
1115 3313 1230 3380 Graeci
1246 3314 1326 3398 othe,
1347 3315 1422 3381 item

355 3417 618 3500 perturbationes,
641 3417 766 3501 (durior
787 3417 881 3502 paulo
903 3417 937 3480 in
959 3416 1145 3500 coloribus).

271 3653 298 3720 l)
317 3654 349 3706 of.
367 3670 393 3706 r.
412 3654 625 3721 Wntauowlrm
641 3656 764 3707 Erramus
781 3655 834 3708 Xll
853 3671 879 3723 p.
897 3653 947 3707 347
966 3658 1037 3706 nota.

271 3737 298 3802 2)
316 3740 387 3807 prior
404 3741 461 3792 eius
478 3739 570 3792 iudicii
588 3756 648 3806 pars
666 3744 770 3793 servata
787 3746 828 3792 est
847 3740 916 3808 apud
930 3739 1139 3804 Quinctilianum
1153 3738 1225 3806 (XII,
1245 3737 1286 3792 10.
1304 3737 1345 3805 4):
1367 3738 1424 3802 ,hio

202 3825 334 3876 luminum
352 3826 555 3894 umbrarumque
565 3825 695 3878 invenisse
712 3826 842 3878 rationem
862 3826 984 3890 dicitur“,
996 3825 1207 3894 (reprehenditur
1220 3829 1307 3877 tamen
1327 3862 1351 3876 ..
1365 3829 1424 3886 oet).

271 3908 297 3968 3)
315 3908 387 3973 Quae
404 3910 436 3963 de
454 3909 622 3977 Euphranore
641 3911 765 3964 dicuntur
782 3911 874 3964 eadem
892 3911 945 3963 tere
964 3925 1021 3964 esse
1041 3911 1161 3963 videntur
1179 3911 1217 3962 eis
1235 3924 1302 3978 quae
1320 3908 1373 3961 iam
1391 3907 1424 3962 de

202 3994 317 4048 Zeuxide
335 3999 362 4048 et
378 3995 516 4048 Parrhasio
534 3997 605 4049 diota
622 4001 706 4049 erant.
741 3994 778 4048 At
796 3994 975 4062 Euphranoris
993 3996 1119 4049 iudicium
1137 3996 1161 4047 ei
1177 3994 1342 4063 respondere,
1355 3994 1425 4063 quod

201 4079 234 4133 de
246 4079 397 4148 Pythagora
414 4082 542 4134 statuario
560 4082 659 4134 factum
673 4084 722 4148 est,
738 4086 764 4134 et
776 4081 855 4134 verba
867 4082 938 4148 ipsa:
958 4083 1073 4150 ,primus
1085 4081 1257 4148 symmetrian
1269 4079 1423 4148 usurparit‘

201 4165 298 4218 verbis:
313 4166 440 4234 ,πρῶτον
453 4166 591 4220 δοκοῦντα
604 4167 715 4239 ῥυθμοί
729 4169 775 4220 καὶ
788 4171 958 4234 συμμετρίας
970 4161 1156 4236 retexerem*
1171 4166 1239 4234 apud
1253 4165 1326 4232 Diog.
1336 4164 1425 4217 Laert.

201 4251 285 4316 (V111,
306 4249 328 4304 l.
347 4248 390 4316 25)
408 4252 518 4304 servatis
535 4253 700 4322 respondere,
719 4253 846 4306 Robertus
864 4253 1052 4306 domonstravit
1070 4252 1127 4316 (1.1.
1146 4269 1172 4319 p.
1185 4251 1217 4304 67
1228 4256 1286 4319 sq.).
1349 4242 1353 4250 ¹
