3232 4822
789 258 830 322 24

198 422 233 504 (l.
257 423 278 487 l.
301 447 332 509 p.
352 425 410 487 121
429 423 491 509 sq.)
522 422 714 507 Oonzius,¹)
738 426 970 508 Urlichsius.2)
1015 425 1057 491 Et
1079 427 1259 495 Urlichsius
1287 430 1411 514 quidem

197 523 374 609 Lysippum
390 547 488 610 usque
504 524 545 589 ad
563 526 678 613 olymp.
695 530 764 608 114,
783 528 1011 615 Euthycratem
1026 551 1125 613 usque
1141 530 1233 595 adol.
1249 532 1414 613 1111111-

199 634 316 689 cratem
329 647 427 711 usque
440 626 481 689 ad
493 626 533 691 ol.
544 629 604 692 130
615 630 646 691 in
663 629 729 693 vita
743 630 840 693 fuisse
856 628 999 709 coniecit,
1013 631 1119 716 itaque
1133 632 1200 696 fieri
1217 633 1366 719 potuisse,
1380 643 1414 696 ut

197 726 394 791 Xenocrates
406 727 521 815 olymp.
540 729 597 794 138
610 729 757 815 Pergami
769 754 865 817 opera
876 730 1004 796 faceret.
1029 732 1134 813 Quam
1148 734 1208 798 viri
1219 733 1304 798 docti
1320 757 1415 818 argu-

198 828 423 894 mentationem
445 831 609 895 nonsatis
631 831 757 895 firmam
778 855 848 897 esse
870 842 955 918 puto,
979 855 1182 919 quamquam,
1206 836 1234 900 si
1249 835 1415 901 Athenaeo

198 928 265 1012 (XI
278 953 308 1015 p.
324 931 399 1013 184)
422 931 518 996 fidem
540 931 704 1012 habemus,
721 933 879 1020 Lysippus
904 934 996 998 etiam
1014 935 1054 1000 ol.
1071 938 1170 1016 116,1
1187 937 1221 1000 in
1236 938 1302 1002 vita
1316 938 1414 1002 luisse

199 1030 302 1097 dehet.
348 1033 394 1096 At
416 1032 450 1095 id
471 1033 549 1098 mihi
576 1043 721 1099 constare
749 1034 886 1116 videtur,
909 1035 1122 1102 Xenocratem
1148 1049 1289 1103 nostrum
1312 1039 1415 1104 Athe·

196 1132 340 1197 niensem
370 1134 476 1199 fuisse.
527 1135 577 1201 De
599 1137 755 1220 Antigoni
782 1147 886 1202 autem
909 1149 1025 1218 aetate,
1057 1139 1132 1223 quid
1154 1141 1213 1204 viri
1241 1141 1327 1205 docti
1352 1151 1416 1206 sta-

197 1236 322 1315 tuerint,
347 1237 504 1320 congessit
520 1237 678 1323 Loewyus
702 1239 737 1321 (l.
760 1239 781 1303 l.
806 1240 865 1303 sub
887 1240 1035 1322 n0.154).
1075 1240 1218 1321 Quorum
1239 1242 1413 1307 sententiae

198 1358 391 1422 quamquam
413 1338 495 1402 inter
518 1341 544 1403 si
568 1340 759 1428 discrepant,
782 1351 887 1405 tamen
909 1341 944 1405 id
966 1351 1109 1407 constare
1124 1342 1259 1423 videtur,
1282 1343 1414 1430 inscrip-

198 1439 301 1503 tiones
330 1462 400 1522 111,
435 1464 515 1526 quae
542 1443 638 1526 vulgo
665 1442 704 1505 ad
728 1442 927 1526 Antigonum
958 1443 1136 1509 referuntur
1171 1437 1304 1526 „ydroo
1333 1441 1414 1523 ἔργα

199 1540 321 1624 (Loew.
350 1543 469 1627 15412)
492 1553 524 1608 et
547 1539 661 1625 „-drov
682 1542 814 1628 d[pyo]“
838 1545 886 1627 (L.
918 1546 1015 1629 1541)
1049 1545 1081 1608 in
1110 1546 1210 1610 Attali
1233 1544 1250 1608 I
1272 1554 1415 1629 tempora

197 1643 325 1720 cadere,
361 1655 454 1731 atque
488 1646 626 1731 priorem
649 1645 776 1731 quidem
798 1655 870 1710 ante
894 1646 1023 1729 11140,
1048 1650 1118 1730 3,³)
1142 1647 1274 1710 alteram
1296 1645 1412 1730 olymp.

197 1743 323 1810 circiter
346 1747 405 1810 135
421 1743 703 1829 (Wilamowitzius
724 1748 744 1812 l.
761 1748 781 1811 l.
805 1771 836 1833 p.
854 1750 898 1832 7).
930 1749 1052 1833 Itaque,
1076 1748 1102 1813 si
1118 1748 1301 1832 Antigonus
1317 1747 1413 1812 etiam

198 1846 256 1910 sub
280 1846 424 1914 Eumene
440 1848 475 1912 II
496 1848 612 1929 floruit,
635 1849 668 1912 id
695 1849 780 1934 quod
802 1849 925 1915 Plinius
952 1849 1077 1914 tradere
1104 1848 1229 1914 videtur
1252 1851 1322 1932 (34,
1346 1851 1413 1930 84),

198 1955 282 2012 11111
303 1971 366 2014 non
388 1951 521 2015 multum
542 1950 645 2013 Attali
669 1960 829 2034 superstes
855 1950 923 2014 luit.
969 1952 1163 2034 Antigonum
1191 1973 1285 2035 porro
1311 1951 1412 2030 illum,

197 2057 307 2113 contra
329 2072 423 2135 quem
445 2050 573 2115 Polemo
597 2051 722 2137 scripsit
744 2051 877 2115 eundem
900 2073 969 2115 esse
992 2060 1086 2136 atque
1109 2073 1191 2130 eum,
1215 2049 1269 2135 qui
1291 2050 1412 2134 proelia

196 2151 299 2215 Attali
321 2161 352 2216 et
367 2150 522 2218 Eumenis
544 2153 619 2218 fecit
633 2163 664 2216 et
679 2150 717 2217 de
733 2163 800 2217 arte
815 2175 873 2216 sua
891 2151 1052 2217 volumina
1070 2152 1255 2237 composuit,
1272 2151 1412 2215 omnium

196 2273 350 2317 consensu
372 2265 516 2318 constare
538 2254 671 2336 videtur,
687 2255 868 2338 Antigonus
891 2267 997 2319 autem
1020 2253 1214 2339 biographus
1231 2277 1306 2318 num
1328 2252 1412 2317 idem

196 2354 236 2417 sit
269 2365 365 2438 atque
398 2355 524 2435 artilex,
564 2378 636 2420 cum
672 2356 932 2422 Wilamowitaius
965 2355 1047 2420 libro
1081 2378 1137 2420 suo
1177 2355 1216 2419 de
1249 2355 1412 2438 Antigono

197 2454 344 2541 Carystio
361 2457 536 2542 composito
553 2456 769 2522 demonstrare
785 2466 917 2522 conatus
933 2464 1026 2536 esset,
1041 2455 1216 2521 rectissime
1231 2455 1265 2519 in
1281 2455 1412 2519 dubium

195 2559 324 2623 vocavit
345 2558 538 2643 Dielsius⁴),
562 2559 613 2624 cni
635 2559 813 2646 nuperrime
841 2580 989 2623 assensus
1016 2568 1063 2622 est
1085 2556 1263 2622 Urlichsius
1286 2556 1412 2640 (kunst-

196 2657 414 2724 schriftsteller
435 2683 466 2745 p.
483 2661 549 2744 34).
595 2660 672 2738 Sed,
701 2669 771 2724 utut
792 2682 842 2725 res
868 2681 903 2724 se
932 2659 1036 2740 habet,
1060 2659 1257 2744 Antigonum
1285 2659 1412 2742 biogra-

195 2759 291 2845 phum
314 2783 396 2825 anno
419 2785 446 2826 1.
472 2761 548 2828 Chr.
571 2763 764 2827 1111111225
787 2783 893 2826 senem
915 2760 1026 2838 fuisse,
1054 2759 1123 2844 ipse
1150 2759 1411 2824 Wilamowitzius

197 2872 315 2942 narrat,
340 2863 412 2944 (1.1.
429 2887 459 2949 p.
479 2865 565 2945 130),
586 2865 691 2950 itaque
713 2886 777 2927 non
799 2863 933 2925 multum
954 2869 1026 2946 post
1047 2859 1087 2923 ol.
1103 2862 1163 2925 140
1184 2859 1218 2923 in
1233 2859 1299 2923 vita
1313 2859 1411 2924 fuisse

196 2963 330 3030 videtur.
377 2964 484 3047 Quam
505 2967 547 3030 ob
570 2988 637 3030 rem
660 2988 731 3029 cum
754 2963 924 3028 viderimus
939 2961 1151 3026 Xenocratem
1168 2969 1200 3025 et
1213 2960 1412 3045 Antigonum

147 3134 153 3141 ,
196 3078 363 3153 utrumque
386 3066 521 3132 Athenis
543 3076 651 3131 natum
674 3089 754 3147 esse,
778 3075 944 3148 utrumque
970 3062 1104 3127 fortasse
1126 3061 1199 3126 inde
1223 3061 1411 3144 Pergamum

196 3169 333 3233 accitum
354 3191 433 3250 esse,
456 3191 558 3255 neque
578 3168 712 3233 multum
733 3189 787 3232 eos
809 3167 891 3230 inter
913 3187 947 3229 se
969 3163 1086 3228 distare
1103 3173 1215 3244 aetate,
1239 3185 1309 3228 cum
1332 3163 1411 3226 alter

197 3270 237 3334 ol.
261 3271 385 3336 circiter
411 3272 480 3350 124,
504 3271 583 3335 alter
605 3269 722 3355 olymp.
746 3268 871 3334 circiter
896 3268 956 3331 140
978 3263 1131 3344 floruerit,
1160 3273 1281 3329 tantam
1303 3262 1411 3326 iudicii

197 3370 237 3435 de
258 3381 325 3435 arte
349 3371 638 3436 dissimilitudinem
665 3371 747 3435 inter
768 3391 823 3435 eos
846 3368 1053 3445 intercedere,
1080 3365 1159 3429 mihi
1185 3363 1313 3449 quidem
1340 3387 1411 3451 per·

197 3471 330 3555 suadere
346 3495 410 3538 non
424 3474 523 3561 potui.
557 3473 659 3538 Immo
677 3472 736 3536 sub
748 3470 858 3535 Attalo
870 3470 915 3551 ΙΙ,
934 3469 998 3554 qui,
1012 3477 1047 3533 ut
1062 3465 1207 3531 Brzoska
1229 3465 1264 3547 (l.
1277 3465 1296 3528 l.
1311 3488 1339 3550 p.
1355 3466 1410 3547 73)

195 3585 280 3641 recte
303 3566 536 3656 animadvertit,
559 3575 696 3640 maxime
719 3574 859 3638 intentus
882 3581 962 3651 erat,
989 3580 1025 3633 ut
1047 3566 1202 3635 Corintho
1229 3567 1411 3653 praesertim

197 3677 312 3761 deleta,
336 3680 413 3745 artis
436 3702 533 3767 opera
549 3701 644 3765 quam
665 3675 802 3763 plurima
817 3674 1003 3759 Pergamum
1026 3670 1206 3752 adveheret,
1222 3667 1411 3733 uetustiores

266 3866 292 3934 1)
310 3868 356 3920 Die
383 3868 434 3920 zeit
461 3865 507 3919 der
533 3865 669 3933 erbauung
690 3861 737 3916 des
760 3877 867 3930 grosaen
894 3860 973 3913 altars
997 3875 1029 3910 zu
1052 3857 1207 3924 Pergamon.
1244 3853 1312 3907 Berl.
1331 3853 1411 3907 Acad.

197 3954 352 4007 munatsber.
372 3951 437 4007 1881
456 3970 481 4022 p.
498 3951 557 4006 869.

264 4038 290 4103 2)
308 4036 527 4109 Pergamenische
544 4035 707 4090 inschrilten.
743 4033 898 4098 wirzburg.
934 4029 1009 4084 1883.

265 4124 293 4193 3)
312 4127 344 4178 11.
362 4125 476 4178 0111111
494 4123 585 4178 histor.
603 4121 746 4174 zeitschrift
764 4117 871 4182 XLVII,
889 4115 964 4171 1882.
990 4131 1016 4183 p.
1029 4111 1069 4167 13.

264 4209 291 4275 4)
309 4209 341 4263 D.
359 4211 400 4264 lit.
418 4212 531 4279 aeitung.
567 4206 642 4262 1882.
677 4223 703 4274 p.
722 4203 773 4259 604
782 4219 820 4272 sq.
