3232 4822
728 303 929 397 QX)..-

218 461 336 558 passim
362 467 581 555 reperiuntur?
638 466 781 547 Quorum
809 493 926 554 magna
953 494 992 534 ex
1019 468 1112 554 copia
1139 469 1240 532 unum
1263 469 1441 533 alterumve

219 569 355 655 exempli
376 591 475 634 causa
498 592 614 654 ponere
636 571 713 636 satis
736 571 804 636 erit.
838 571 891 635 Ex
907 571 1067 635 annalium
1083 569 1304 655 scriptoribus:
1327 570 1440 650 ,abaci

219 669 418 756 monopodia,
434 671 611 755 lychnuchi’
628 673 698 755 (34,
717 673 786 755 14);
811 697 850 737 ex
865 673 934 760 ipso
951 670 1109 735 Varrone:
1126 669 1397 757 ,stephaneplocos
1409 671 1442 752 ¹)

218 775 284 854 (21,
300 772 346 854 4),
367 772 662 858 anthropographos
677 774 744 856 (35,
764 776 849 858 113),
873 774 1090 861 proplasmata
1105 773 1173 854 (35,
1190 772 1275 854 155),
1299 772 1440 858 plastice'

219 875 285 957 (35,
311 875 398 955 156).
448 872 512 938 Sed
533 897 574 938 ne
597 873 715 938 diutius
743 875 775 939 in
804 898 842 940 ea
868 899 902 941 re
929 897 1096 954 moremur,
1124 874 1187 937 iam
1214 882 1345 959 apparet
1370 896 1442 937 eam

219 997 348 1039 causam
370 997 389 1038 a
411 974 589 1040 Dalsteinio
618 976 747 1040 allatam
774 1000 831 1063 per
856 998 891 1042 se
918 976 1039 1040 nullam
1067 976 1132 1039 vim
1159 975 1443 1059 auctoritatemque

219 1076 345 1140 habere.
389 1077 436 1139 Α1
458 1098 513 1140 111
536 1086 621 1140 certe
641 1077 728 1141 locos
751 1077 882 1142 Pasiteli
904 1077 1075 1143 tribuenda
1101 1099 1171 1141 esse
1195 1076 1349 1156 existimo,
1372 1076 1443 1161 qui-

221 1178 279 1241 bus
302 1177 436 1256 Plinius,
460 1199 532 1247 cum
553 1187 650 1242 totam
674 1177 790 1244 Graeci
819 1181 965 1244 vocabuli
996 1179 1260 1264 significationem
1286 1201 1304 1241 a
1331 1199 1443 1242 1111-

221 1301 364 1364 pressam
396 1302 460 1343 non
494 1300 563 1343 esse
597 1280 743 1361 sentiret,
777 1282 940 1366 utriusque
972 1281 1100 1366 linguae
1137 1279 1294 1343 vocabula
1326 1280 1442 1364 posuit,

221 1379 375 1445 eiusmodi
399 1378 483 1444 dico:
518 1380 705 1466 ,frequentia
728 1406 822 1467 quam
845 1405 999 1448 vocavere
1022 1381 1225 1467 syngenicon’
1254 1382 1324 1462 (35,
1350 1382 1442 1464 134),

221 1482 321 1567 ,piger
335 1482 390 1567 qui
405 1482 583 1567 appellatur
598 1481 716 1548 Ocnos’
741 1485 911 1567 (35,137)‚
935 1486 1025 1564 ,citra
1047 1483 1186 1569 pulveris
1208 1484 1335 1562 iactum,
1358 1482 1443 1567 quod

221 1594 337 1647 vocant
359 1573 580 1665 daovrrt’fflo,
599 1585 685 1665 139).
719 1586 829 1670 Neque
847 1585 950 1669 magis
968 1583 1127 1671 participii
1151 1607 1209 1649 usu
1232 1607 1323 1669 quam
1346 1607 1452 1649 voca-¹

222 1684 289 1747 buli
322 1682 438 1748 Graeci
471 1684 573 1749 locum
609 1684 745 1770 aliquem
778 1687 925 1752 Pasitelis
960 1709 1029 1751 1111
1062 1685 1304 1750 demonstratur.
1359 1686 1450 1750 Nam

223 1785 381 1871 participii
403 1785 548 1866 formam,
575 1809 643 1850 cum
667 1785 785 1852 Graeci
807 1789 990 1873 saepissime
1012 1789 1045 1851 in
1067 1788 1145 1852 artis
1167 1789 1313 1875 operibus
1335 1788 1443 1874 appel-

223 1885 326 1950 landis
350 1886 560 1964 adhibuerint,
589 1910 645 1951 cur
673 1911 692 1952 a
721 1889 863 1954 Varrone
895 1913 959 1953 non
993 1912 1086 1975 saepe
1120 1900 1340 1954 conservatam
1374 1912 1443 1954 esse

223 1998 383 2071 putemus,
416 2011 487 2052 cum
522 1989 777 2054 commodissima
811 2002 910 2072 11111,
949 1991 1134 2076 praesertim
1172 2013 1244 2054 cum
1276 1990 1445 2078 participia

224 2086 350 2153 Graeca
378 2111 441 2152 non
465 2112 589 2176 semper
622 2091 833 2177 appellatione
856 2092 972 2156 Latina
1004 2091 1092 2155 reddi
1125 2103 1264 2178 possent.
1311 2093 1444 2159 Temere

223 2190 320 2274 igitur
351 2190 476 2255 videtur
508 2214 576 2257 1111
611 2192 765 2257 eiusmodi
799 2195 885 2258 locos
912 2193 1042 2258 Pasiteli
1078 2194 1254 2274 vindicare,
1287 2194 1347 2258 nisi
1381 2194 1445 2259 alia

224 2302 318 2376 atque
344 2293 444 2356 maior
472 2314 568 2357 causa
596 2294 736 2374 accedat,
766 2306 801 2358 ut
828 2295 1005 2380 argumenti
1027 2317 1215 2379 quamquam
1238 2295 1271 2357 in
1294 2295 1446 2360 brevissi-

223 2415 306 2456 mam
328 2393 462 2457 formam
484 2393 605 2459 redacti
629 2394 794 2478 vestigium
819 2395 946 2479 aliquod
969 2393 1141 2458 videamus.
1178 2395 1230 2457 Ex
1253 2417 1315 2479 quo
1337 2395 1382 2474 fit,
1401 2409 1445 2478 ut,

224 2493 287 2558 nisi
314 2493 439 2559 libidini
462 2505 493 2561 et
514 2496 661 2561 licentiae
689 2495 772 2560 viam
808 2495 987 2580 patefacere
1020 2493 1175 2580 cupimus,
1208 2495 1325 2560 multos
1357 2496 1445 2562 locos

225 2595 287 2659 utri
310 2595 511 2661 attribuenda
533 2620 601 2662 esse
625 2620 820 2677 censeamus,
849 2597 883 2660 in
909 2597 1013 2663 medio
1041 2597 1219 2684 relinquere
1241 2620 1371 2664 necesse
1394 2601 1444 2664 sit.

309 2696 434 2763 Indices
466 2721 541 2763 vero
575 2700 616 2763 ab
648 2699 718 2785 ipso
742 2699 846 2762 Plinio
880 2699 1041 2764 confectos
1074 2722 1153 2777 esse,
1188 2722 1260 2763 cum
1290 2722 1446 2765 consensu

225 2800 364 2862 virorum
398 2797 560 2864 doctorum
594 2811 739 2865 constare
773 2800 942 2880 videretur,
976 2799 1104 2884 negavit
1132 2799 1379 2868 Oehmichcnius
1410 2826 1447 2868 ea

225 2923 321 2986 quam
344 2922 439 2986 supra
462 2901 507 2986 (p.
523 2901 559 2982 4)
583 2901 899 2966 commemoravimus
923 2903 1195 2968 commentatione.
1235 2899 1334 2968 Cuius
1356 2912 1445 2990 parte

226 3002 339 3088 priore,
363 3012 530 3088 postquam
551 3002 672 3068 indices
700 3002 859 3067 literarum
893 3025 932 3066 ex
965 3002 1075 3067 ordine
1110 3003 1291 3090 dispositos,
1325 3004 1378 3090 qui
1413 3006 1446 3068 in

226 3103 305 3167 libro
320 3103 372 3167 HI
388 3114 418 3167 et
432 3103 599 3169 XXXVII
614 3105 842 3186 invenirentur,
854 3127 919 3168 non
933 3104 995 3192 ipsi
1006 3104 1110 3168 Plinio
1127 3105 1235 3170 deberi
1252 3104 1448 3172 demonstra-

227 3204 314 3269 visse
336 3207 398 3270 sibi
422 3208 507 3271 visus
530 3215 587 3287 est,
610 3207 781 3292 posteriore
804 3217 894 3291 parte
916 3208 1052 3291 probare
1075 3219 1206 3272 conatus
1230 3219 1288 3288 est,
1311 3232 1350 3273 ne
1373 3210 1449 3274 arti-

228 3306 321 3370 ficum
350 3307 477 3392 quidem
503 3308 622 3373 indices
648 3307 682 3372 in
710 3307 800 3372 libris
822 3306 970 3372 XXXIV
992 3318 1024 3372 11
1045 3308 1176 3373 XXXV
1207 3311 1325 3375 relatos
1348 3311 1447 3395 ipsius

229 3407 324 3471 Plinii
347 3430 425 3489 esse,
451 3407 506 3472 sed
531 3409 576 3473 eis
599 3411 714 3494 quibus
738 3409 777 3475 de
800 3410 922 3474 artibus
945 3420 1092 3493 ageretur
1113 3409 1187 3474 Nat.
1210 3410 1283 3475 hist.
1305 3413 1449 3498 partibus

229 3508 349 3573 fontem
371 3509 530 3594 quendam
553 3510 696 3592 subesse,
719 3513 758 3575 ab
782 3520 908 3574 auctore
930 3519 1039 3574 nostro
1059 3509 1161 3595 primo
1176 3511 1247 3576 loeo
1263 3512 1448 3594 adhibitum,

232 3633 288 3675 ruo
311 3611 465 3675 artificum
493 3611 622 3676 nomina
648 3611 766 3676 additis
795 3611 942 3698 operibus
968 3610 1001 3674 in
1028 3610 1136 3676 literas
1163 3611 1287 3698 digesta
1309 3617 1449 3680 contine-

229 3711 352 3779 bentur.
385 3713 456 3776 Iam
477 3735 547 3777 cnm
571 3713 704 3778 diversis
724 3713 900 3778 rationibus
923 3712 996 3777 libri
1010 3711 1157 3777 XXXIV
1180 3714 1306 3800 quidem
1328 3715 1450 3782 indices

231 3814 422 3901 compositos
452 3836 522 3880 esse
549 3837 621 3880 eum
647 3837 711 3879 non
738 3814 872 3900 fugeret,
899 3836 972 3879 cum
999 3814 1099 3898 primo
1122 3813 1227 3879 indice
1250 3814 1285 3898 (ξ
1309 3816 1449 3901 72-84)

231 3915 285 3999 qui
300 3924 422 4002 septem
437 3915 615 4000 insignibus
630 3916 791 3981 statuariis
807 3917 908 4000 gloria
923 3916 1058 4002 proximi
1079 3925 1185 3979 essent
1201 3930 1449 4001 recenserentur,

230 4015 360 4102 reliquis
383 4015 503 4083 duobus
525 4040 588 4082 non
612 4019 665 4104 qui
693 4017 813 4081 minore
846 4017 947 4101 gloria
979 4018 1128 4081 florerent
1159 4017 1305 4100 11111111,
1340 4042 1451 4084 verum

299 4235 326 4303 1)
345 4236 378 4289 cl.
397 4236 532 4300 URIJOHS,
552 4242 683 4308 anfaenge
699 4239 745 4291 der
762 4237 859 4307 ngech.
877 4234 1147 4305 kriustlergeschichte
1166 4238 1177 4291 l
1196 4254 1221 4304 p.
1241 4237 1282 4291 37.
1389 4271 1392 4276 -
