3232 4822
668 282 954 378 ,ΔΕ-

245 449 364 513 iudicia
392 449 490 532 igitur
517 448 565 513 his
593 450 722 529 similia,
753 472 833 535 quae
860 475 880 514 a
899 451 1006 515 Plinio
1040 452 1074 515 in
1102 452 1185 515 libro
1208 450 1341 516 XXXV
1368 452 1466 516 relata

247 561 362 632 essent,
392 551 495 615 eidem
522 552 641 614 auctori
668 551 775 615 deberi
798 552 965 618 existimat.
1010 553 1057 616 At
1083 554 1117 616 in
1144 553 1270 619 iudiciis
1297 554 1360 618 illis
1382 539 1485 638 apud'

247 653 498 736 Quinctilianum
532 654 666 716 servatis
698 675 815 737 magna
846 655 1072 719 sententiarum
1106 657 1350 720 commutatione
1383 655 1468 719 facta

246 757 407 842 Lysippus
431 754 470 818 de
493 776 616 819 summo
639 755 715 818 artis
738 756 922 840 gloriaeque
944 755 1071 841 fastigio
1091 756 1230 821 deiectus
1253 767 1310 838 est,
1334 766 1366 821 et
1391 756 1468 821 Phi-

248 858 317 921 dias
340 880 411 921 cum
433 855 608 921 Alcamene
631 856 807 943 prinoipem
830 858 973 921 obtinent
994 857 1109 922 locum.
1152 858 1266 943 Itaque
1287 859 1406 923 iudicia
1429 859 1468 922 de

247 960 404 1023 statuariis
427 960 511 1023 facta
533 981 552 1022 a
570 958 711 1023 Varrone
732 982 797 1022 non
819 981 859 1022 ex
877 958 1040 1043 Antigono
1064 958 1121 1024 sed
1145 960 1357 1025 eXenocrate
1378 961 1466 1024 nullo

246 1059 459 1126 intercedente
482 1071 607 1146 sumpta
633 1083 701 1124 esse
726 1060 886 1125 Robertus
914 1069 1017 1145 putat,
1044 1060 1243 1147 iudicemque
1272 1061 1468 1146 chronologi-

246 1185 327 1240 cum,
351 1185 412 1247 quo
434 1172 553 1226 aetates
577 1162 801 1226 statuariorum
829 1162 1067 1246 computanturf,
1096 1185 1168 1227 cum
1198 1163 1243 1227 eis
1267 1165 1468 1228 coniunctum

247 1265 347 1329 fuisse
370 1264 513 1347 exponit:
537 1286 606 1328 eam
629 1266 712 1327 enim
734 1265 814 1326 inter
841 1273 973 1348 utraque
1002 1264 1239 1328 similitudinem
1264 1264 1466 1343 intercedere,

247 1367 332 1454 quod
354 1366 515 1453 Lysippus
542 1388 682 1430 summus
715 1364 827 1428 artifex
861 1365 1048 1445 haberetur,
1076 1366 1161 1450 quod
1183 1367 1364 1430 vetustioris
1391 1367 1467 1430 artis

248 1493 324 1533 vera
346 1469 452 1554 aliqua
474 1467 594 1553 species
616 1467 755 1530 nondum
785 1477 879 1552 capta
901 1476 1000 1546 esset,
1023 1466 1155 1532 Phidias
1184 1468 1280 1549 igitur
1306 1479 1468 1552 tamquam

248 1571 338 1635 initia
359 1572 435 1634 artis
457 1577 716 1656 repraesentaret.
747 1567 840 1632 Haec
864 1570 969 1632 omnia
985 1590 1047 1631 non
1070 1568 1111 1632 ad
1126 1567 1332 1652 Antigonum,
1350 1569 1468 1653 optime

250 1694 325 1739 vero
349 1671 388 1736 ad
412 1670 623 1734 Xenocratem
648 1668 827 1755 Lysippeae
855 1680 958 1734 sectae
988 1669 1263 1749 studiosissimum,
1291 1669 1467 1734 convenire.

248 1775 310 1841 Cui
333 1772 394 1837 viri
417 1771 591 1835 doctissimi
614 1771 790 1834 sententiae
813 1771 852 1835 de
867 1772 1027 1856 Antigono
1050 1771 1190 1857 prolatae
1211 1772 1375 1856 astipulari
1396 1793 1468 1835 cum

248 1897 418 1960 nequeam,
447 1873 625 1936 accuratius
648 1870 743 1955 paulo
770 1872 888 1937 iudicia
915 1873 970 1936 illa
997 1895 1079 1958 quae
1106 1872 1191 1958 apud
1219 1871 1469 1954 Quinctilianum

248 1977 450 2042 inveniuntur
472 1974 555 2037 unde
579 1974 733 2057 originem
757 1974 920 2056 duxerint,
948 1984 979 2038 et
1006 1975 1057 2038 cui
1084 1975 1180 2039 tribui
1205 1975 1388 2056 debeantur,
1415 1997 1468 2039 ex-

248 2076 425 2164 ponendum
450 2086 508 2156 est,
531 2075 691 2140 nonnullis
716 2075 755 2140 de
774 2075 970 2159 Pergameno
993 2076 1150 2141 artificum
1173 2099 1292 2141 canone
1315 2078 1369 2162 qui
1392 2076 1469 2140 dici-

248 2194 299 2245 tur
321 2180 428 2245 verbis
452 2177 642 2264 praemissis.

269 2367 271 2370 ι
333 2282 454 2346 Decem
488 2290 648 2344 oratorum
669 2279 850 2343 Atticorum
883 2302 1052 2361 canonem,
1088 2303 1158 2345 cum
1192 2279 1470 2345 Reifferscheidius

250 2383 381 2467 originis
402 2381 617 2464 Pergamenae
641 2402 710 2445 esse
732 2381 853 2464 primus
869 2382 1055 2446 coniecisset
1066 2383 1107 2462 1),
1124 2382 1310 2462 Brzoslra2)
1323 2390 1469 2445 exeunte

249 2487 348 2551 altero
371 2507 399 2546 a.
417 2481 493 2547 Chr.
518 2491 625 2545 natum
651 2482 776 2546 saeculo
799 2483 880 2545 inter
902 2505 1001 2546 annos
1024 2482 1091 2547 fere
1115 2485 1282 2548 140-100
1305 2507 1324 2546 a
1345 2482 1470 2547 rhetore

250 2587 383 2675 quodam
408 2583 558 2668 Pergami
584 2583 793 2668 compositum
825 2605 894 2647 esse
922 2583 1057 2649 edocuit.
1100 2585 1193 2649 Idem
1216 2586 1293 2649 duas
1315 2585 1471 2649 artificum

250 2689 396 2768 decades,
420 2708 500 2772 quae
523 2684 608 2771 apud
626 2683 875 2764 Quinctilianum
899 2685 1056 2770 leguntur,
1072 2688 1157 2772 ipsas
1173 2709 1297 2772 quoque
1312 2685 1469 2770 Pergamo

248 2791 404 2874 originem
426 2787 556 2851 duxisse
578 2785 783 2867 existimavit3
807 2795 892 2849 certe
914 2787 974 2848 iarn
999 2799 1072 2850 ante
1086 2786 1235 2852 Pasitelis
1259 2799 1290 2850 et
1306 2785 1470 2852 Ciceronis

251 2899 387 2956 aetatem
408 2887 550 2953 rhetores
574 2887 778 2950 consuevisse
801 2898 941 2950 oratores
965 2909 1037 2951 oum
1060 2889 1220 2952 statuariis
1243 2898 1275 2953 et
1295 2889 1470 2975 pictoribus

252 3013 444 3077 comparare,
467 3009 637 3072 eorumque
660 3009 757 3073 opera
772 2988 854 3051 inter
877 3011 911 3053 se
934 2989 1123 3054 contendere
1138 2991 1168 3052 in
1187 2991 1338 3076 epimetro
1355 2991 1469 3055 disser=

249 3092 379 3158 tationis
397 3095 441 3178 (p.
458 3093 494 3157 81
514 3091 578 3176 sq.)
592 3090 692 3154 firmis
708 3089 904 3173 argumentis
920 3091 1148 3177 comprobavit.
1165 3166 1167 3171 .
1181 3091 1349 3174 Quomodo
1365 3103 1470 3158 autern

250 3197 284 3258 in
307 3217 345 3258 ea
365 3217 400 3258 re
422 3193 539 3258 versati
562 3193 626 3256 sint
647 3191 790 3256 rhetores
810 3192 925 3278 optime
948 3191 1099 3257 discimus
1122 3195 1192 3258 loco
1208 3194 1355 3277 Dionysii
1376 3194 1470 3259 Hali-

251 3297 466 3360 camassensis
489 3294 544 3375 (de
559 3294 694 3358 Isocr.3
717 3317 746 3380 p.
764 3295 825 3357 522
848 3292 983 3376 Reiske)
1007 3317 1069 3380 quo
1092 3295 1263 3360 Isocratem
1288 3318 1360 3359 cum
1375 3296 1471 3382 Poly-

252 3397 326 3460 clito
348 3406 380 3460 et
400 3394 517 3459 Phidia
539 3403 701 3481 comparat
721 3404 851 3480 propter
873 3395 1039 3459 elationem
1064 3407 1095 3460 et
1117 3395 1324 3476 altitudinem,
1341 3397 1470 3482 Lysiam

253 3520 327 3562 vero
350 3518 421 3560 cum
446 3495 608 3560 Calamide
632 3507 663 3559 et
686 3493 884 3560 Callimacho
916 3498 1078 3562 tenuitatis
1101 3511 1132 3562 et
1158 3498 1343 3583 gracilitatis
1366 3521 1471 3564 causa.
1530 3548 1534 3557 .

253 3601 361 3685 Atque
386 3606 419 3661 ut
439 3595 491 3661 hic
507 3596 639 3682 Lysiam
659 3620 723 3660 non
746 3596 849 3661 solum
872 3619 944 3661 cum
960 3596 1133 3680 Calamide,
1149 3623 1260 3664 verum
1282 3601 1376 3662 etiam
1398 3623 1471 3664 oum

253 3698 463 3779 Callimacho,
493 3699 546 3784 qui
580 3721 644 3762 non
673 3708 722 3762 est
749 3698 783 3761 in
810 3719 941 3778 canone,
970 3702 1147 3786 comparari
1175 3700 1318 3765 videmus
1346 3702 1471 3784 saepius

249 3803 349 3866 etiam
370 3802 448 3866 alios
471 3801 608 3865 artifices
631 3800 779 3865 substitui
804 3801 955 3866 videmus.
997 3802 1095 3887 Apud
1119 3801 1370 3883 Quinctilianum
1391 3804 1471 3866 anti-

253 3906 378 3989 quiores
406 3901 549 3967 statuarii
578 3903 792 3966 nominantur:
833 3901 959 3985 Callon,
987 3902 1160 3989 Hegesias,
1184 3903 1340 3984 Calamis,
1363 3903 1469 3989 Myro,

323 4138 348 4202 1)
366 4138 424 4192 Ind.
442 4140 523 4195 schol.
541 4141 648 4194 Vratisl.
669 4137 780 4205 1881282
799 4155 823 4204 p.
841 4139 867 4191 ὃ,

321 4223 347 4289 2)
365 4224 402 4276 De
420 4241 519 4279 canone
536 4227 625 4280 decem
644 4228 775 4278 oratorum
793 4226 942 4277 atticomm.
978 4224 1040 4278 diss.
1076 4222 1183 4278 Vratisl.
1203 4224 1279 4279 1883.
