3232 4822
790 309 829 371 13

198 477 259 542 iam
277 500 296 540 a
313 475 455 540 Varrone
471 475 612 540 additum
631 497 700 540 esse
716 475 869 555 concedit,
894 474 975 539 sieut
998 477 1049 556 34,
1065 475 1117 538 59:
1143 474 1240 554 ,fecit
1254 485 1285 539 et
1300 474 1418 540 stadio-

200 578 333 643 dromon
359 615 399 626 -
430 577 612 657 videntur“;
647 579 696 659 34,
721 579 775 642 66:
812 576 1007 657 „Herculem
1034 575 1169 661 Delphis
1196 611 1238 624 ——
1265 578 1418 662 proelium

151 715 153 722 ι
199 682 372 766 equestre“.
407 678 534 764 Optime
557 702 632 744 vero
654 702 717 765 qua
737 679 865 744 licentia
886 679 919 742 in
943 701 981 743 ea
1003 701 1036 742 re
1058 700 1134 743 usus
1157 677 1208 758 sit,
1224 678 1277 742 ubi
1294 678 1418 745 duobus

198 782 277 846 locis
299 780 385 845 idem
406 780 521 845 artifex
542 779 697 862 laudatur,
721 792 866 867 apparet:
904 802 975 844 nam
1001 801 1072 844 cum
1098 779 1263 844 meliorem
1290 801 1419 845 oausam

198 883 341 948 iuvenire
367 905 433 946 non
458 883 621 968 potuisset,
650 883 828 947 breviorem
856 882 962 946 locum
986 879 1165 960 delendum,
1188 881 1320 946 alterum
1343 882 1417 946 reti-

198 984 337 1051 nendum
359 1005 427 1048 esse
448 982 609 1048 iudicavit.
643 982 754 1069 Itaque
769 982 952 1066 Cresilae1)
976 1005 1107 1068 operum
1130 983 1258 1047 brevem
1282 1005 1417 1048 comme-

198 1087 408 1151 morationem
433 1087 499 1168 (34,
524 1085 595 1167 76),
622 1106 703 1171 quae
734 1085 851 1171 optime
878 1084 920 1148 ad
945 1084 1080 1148 indicem
1109 1085 1284 1149 secundum
1309 1085 1418 1150 literas

199 1188 385 1274 dispositum
413 1187 583 1251 convenire
610 1185 744 1265 videtur,
772 1187 889 1265 reiecit,
917 1186 1061 1271 pleniora
1088 1187 1186 1251 verba
1214 1188 1232 1269 §
1258 1189 1307 1267 74,
1336 1210 1418 1274 quae

199 1313 238 1354 ex
260 1289 496 1374 epigrammatis
518 1289 640 1373 graecis
662 1287 777 1352 hausta
804 1309 873 1352 esse
899 1298 1039 1374 apparet,
1066 1289 1099 1351 in
1125 1287 1262 1353 indicem
1288 1290 1417 1374 recepit.
1452 1371 1454 1373 Ι

286 1389 350 1456 Sed
365 1389 445 1454 aliae
460 1391 556 1454 etiam
571 1411 685 1454 causae
701 1389 865 1471 accedunt,
882 1412 938 1454 cur
953 1390 1110 1454 artificum
1125 1389 1273 1471 indicem,
1292 1391 1418 1477 qualem

200 1492 448 1559 Oehmichenius
471 1491 642 1571 constituit,
666 1514 835 1577 numquam
857 1492 955 1556 fuisse
978 1491 1166 1556 existimem.
1210 1492 1293 1556 Nam
1315 1516 1418 1578 neque

199 1594 393 1678 intelligitur,
419 1615 481 1677 cur
501 1602 621 1657 aetates
648 1593 742 1656 etiam
767 1593 978 1658 ‚mediocrium
1005 1592 1163 1657 artificum
1188 1593 1221 1657 in
1249 1617 1286 1658 eo
1308 1594 1416 1676 fuisse,

199 1698 275 1784 quin
303 1695 399 1759 etiam
424 1693 542 1758 iudicia
568 1693 607 1759 de
636 1702 702 1758 arte
730 1694 816 1758 facta
837 1695 894 1778 (cf.
917 1718 947 1780 p.
973 1695 1049 1776 179)
1076 1694 1107 1758 in
1132 1717 1204 1759 eum
1225 1695 1325 1759 relata
1348 1719 1417 1761 esse

198 1808 355 1885 putemuS,
378 1806 489 1861 contra
510 1794 762 1881 praeclarissima
784 1818 888 1881 opera,
912 1797 965 1861 ubi
981 1796 1136 1860 collocata
1156 1796 1226 1876 sint,
1250 1799 1284 1862 in
1306 1796 1417 1863 eodem

198 1924 262 1966 non
285 1898 419 1963 inveniri
443 1898 535 1961 nobis
556 1898 817 1982 persuadeamus3
840 1919 942 1983 neque
965 1919 1021 1961 our
1043 1896 1141 1962 Varro
1165 1899 1210 1963 eis
1232 1922 1311 1984 quos
1333 1899 1419 1985 apud

198 2004 317 2068 fontem
352 1999 510 2065 Graecum
546 2000 710 2064 invenerat
746 1999 919 2064 artificibus
959 1999 1179 2065 enumerandis
1216 2001 1417 2086 acquieverit,

198 2103 383 2191 praesertim
408 2124 480 2166 eum
505 2101 540 2164 in
569 2100 722 2164 eiusmodi
749 2100 853 2165 indice
881 2101 1018 2166 artifices
1046 2101 1100 2187 qui
1129 2101 1275 2167 deessent
1301 2101 1417 2167 addere

198 2204 382 2269 facillimum
410 2211 503 2283 esset,
531 2223 644 2266 causas
670 2202 750 2266 ullas
774 2202 1022 2267 Oehmichenius
1045 2204 1185 2288 protulit.
1229 2204 1321 2282 Nam,
1346 2225 1417 2269 oum

199 2307 288 2370 initia
313 2306 455 2391 picturae
476 2326 496 2366 a
520 2302 664 2366 Varrone
685 2303 789 2367 Plinio
823 2304 940 2369 tradita
972 2327 1042 2369 esse
1075 2305 1175 2390 ipsius
1198 2304 1417 2370 Oehmichenii

199 2408 357 2474 sententia
390 2406 432 2472 sit
453 2407 489 2489 (1.
513 2406 533 2469 l.
560 2430 590 2491 p.
614 2406 701 2488 206),
720 2404 958 2490 Polygnotum,
993 2417 1028 2471 ut
1061 2407 1140 2470 alios
1173 2406 1327 2487 omittam,
1362 2430 1418 2473 cur

199 2509 447 2587 oblivisceretur,
475 2507 654 2572 Romanam
682 2515 790 2588 artem,
819 2529 890 2571 cum
917 2506 1156 2592 diligentissime
1183 2508 1415 2593 investigasset,

199 2634 255 2676 cur
276 2609 309 2673 in
331 2608 435 2672 indice
448 2608 652 2693 neglegeret?
697 2607 779 2673 Tota
794 2608 929 2693 denique
944 2611 1184 2692 argumentatio,
1202 2632 1266 2694 qua
1279 2609 1417 2674 indicem

198 2711 322 2777 Graeco
345 2710 467 2774 auctori
489 2709 598 2775 deberi
621 2709 836 2775 demonstrare
863 2720 995 2774 conatus
1023 2722 1078 2792 est,
1108 2711 1229 2775 nullam
1251 2710 1329 2776 mihi
1351 2711 1417 2776 vim

197 2812 315 2878 habere
350 2811 484 2877 videtur.
528 2810 669 2876 Primum
704 2813 797 2893 enim,
831 2834 924 2897 quam
958 2811 1060 2897 legem
1092 2813 1124 2875 in
1155 2812 1256 2877 literis
1285 2812 1416 2879 Graecis

198 2913 383 2978 ordinandis
396 2914 572 2978 Romanum
589 2923 748 2979 auctorem
763 2915 872 3000 (quem
886 2915 1026 2979 medium
1040 2914 1235 2979 intercedere
1251 2916 1320 2981 vult
1334 2916 1417 2981 inter

198 3014 357 3080 Graecum
383 3015 504 3080 fontem
531 3028 562 3079 et
583 3015 738 3098 Plinium)
772 3028 915 3081 secutum
948 3039 1017 3081 esse
1051 3017 1205 3102 exposuit,
1240 3028 1275 3080 ut
1307 3018 1416 3082 literas

197 3117 351 3201 aspiratas
378 3117 534 3182 similibus
559 3140 624 3181 non
652 3118 800 3204 aspiratis
828 3119 1049 3197 subscriberet,
1078 3117 1138 3200 (ita
1164 3127 1198 3181 ut
1225 3117 1253 3178 Θ
1280 3128 1352 3205 post
1378 3120 1414 3200 T,

126 3227 128 3232 '
147 3293 151 3297 ,
201 3220 232 3278 Φ
247 3227 322 3303 post
336 3218 370 3277 Π
391 3219 600 3301 inveniretur)
616 3219 741 3285 duobus
763 3221 842 3284 locis
862 3219 1027 3284 infractam
1045 3241 1112 3284 esse
1128 3219 1282 3284 videmus:
1307 3221 1358 3301 35,
1375 3222 1415 3284 75

197 3319 357 3387 Chaereas
380 3321 468 3404 (X),
503 3319 642 3387 Oresilas
665 3323 736 3405 (K)
763 3333 795 3386 et
821 3324 870 3403 34,
895 3324 936 3386 92
960 3320 1143 3386 Timotheus
1167 3323 1256 3404 (T),
1279 3321 1415 3387 Theom-

195 3432 303 3486 nestus
326 3420 409 3506 (Θ),
437 3421 654 3488 Timarchides
676 3423 762 3507 (Τ);
794 3446 896 3509 neque
925 3424 1063 3504 omnino,
1091 3424 1140 3488 cui
1168 3424 1304 3489 indicem
1326 3423 1416 3488 illum

195 3523 372 3588 tribuamus
409 3533 464 3588 aut
499 3526 540 3590 ab
575 3523 805 3590 Oehmiohenio
844 3525 1002 3607 discimus,
1041 3536 1096 3589 aut
1133 3525 1236 3591 animo
1275 3525 1415 3608 cogitare

195 3647 373 3710 possumus.
406 3624 554 3691 Pasitelis
570 3649 644 3691 vero
661 3649 752 3712 opus,
769 3627 819 3691 oui
842 3637 922 3693 teste
937 3626 1041 3692 Plinio
1065 3628 1131 3711 (36,
1150 3626 1207 3710 39)
1229 3627 1416 3712 inscriptum

195 3735 262 3788 erat
287 3726 460 3807 ,nobilium
482 3749 612 3813 operum
634 3728 667 3792 in
688 3737 755 3793 toto
779 3730 855 3794 orbe
878 3728 1040 3793 volumina
1061 3728 1230 3814 quinque“,
1259 3726 1415 3790 artificum

195 3827 285 3911 quasi
307 3827 431 3892 lexicon
453 3828 560 3908 fuisse,
584 3829 634 3892 cui
660 3828 919 3914 persuadebitur?

264 4029 290 4095 l)
309 4030 347 4084 sic
365 4046 411 4098 pro
430 4030 539 4085 Otesilao
556 4033 700 4101 legendum
713 4047 770 4086 asse
790 4033 975 4087 Oehmiehenio
993 4048 1095 4102 quoque
1114 4033 1197 4086 risum
1215 4037 1263 4084 eat.
