3232 4822
794 317 826 382 ,5

207 481 309 545 Plinio
335 481 519 546 innotuisse.
564 482 726 549 Accedere
757 485 790 548 in
823 485 905 550 libro
934 483 1064 549 XXXV
1099 486 1234 551 alterum
1267 498 1425 554 auctorem

210 583 409 670 exquisitum,
444 585 495 649 cui
528 585 612 650 vitae
645 587 801 673 pictorum
834 586 971 653 maxime
1005 587 1207 653 deberentur:
1243 588 1427 657 Cornelium

206 688 371 772 Nepotem.
415 687 498 751 Tum
529 687 776 773 Dalsteinius1),
812 712 894 774 quae
926 690 1009 755 libro
1042 689 1194 756 XXXIV
1227 704 1258 757 et
1291 692 1425 758 XXXV

206 789 295 873 (inde
318 790 358 854 ab
382 790 499 876 olymp.
523 791 579 872 90)
608 790 647 855 de
674 791 848 856 artificibus
875 802 1114 879 exponerentur,
1143 795 1333 860 contrariam
1358 795 1424 860 fere

206 903 300 977 atque
317 890 524 957 Sobreiberus
546 893 736 958 sententiam
757 904 893 975 secutus,
917 894 1087 960 ePasitele
1103 894 1217 960 hausta
1233 919 1312 978 esse,
1328 897 1424 982 idque

204 994 291 1058 nullo
314 993 459 1058 Romano
480 994 704 1074 intercedente,
728 995 903 1074 contendit3
927 995 1074 1077 Varroni,
1097 997 1222 1083 Nepoti,
1244 999 1304 1082 ipsi
1319 999 1424 1062 Plinio

205 1094 378 1159 admodum
400 1117 501 1180 pauca
517 1095 677 1159 adtribuit.
711 1095 885 1178 Postremo,
905 1120 977 1162 curn
992 1098 1058 1161 iam
1072 1096 1155 1164 hanc
1171 1098 1425 1164 dissertationem

204 1197 386 1276 scriberem,
415 1197 449 1260 in
480 1219 591 1262 manus
623 1199 709 1262 venit
739 1198 872 1264 Roberti
901 1200 1137 1281 commentatio,
1169 1202 1220 1264 cui
1248 1202 1423 1287 inscripsit:

207 1298 514 1382 „Archaeologische
546 1299 714 1364 maerchen
748 1322 805 1365 aus
838 1301 918 1364 alter
947 1299 1013 1365 und
1039 1324 1137 1366 neuer
1165 1303 1300 1385 zeit“²),
1333 1303 1423 1368 cuius

204 1401 492 1481 commentationis,
521 1423 593 1465 cum
621 1410 743 1465 tantum
770 1401 811 1465 ad
839 1403 1048 1487 quaestiones
1064 1402 1227 1470 Plinianas
1252 1403 1423 1469 solvendas

204 1503 379 1583 contulerit,
402 1504 554 1589 imprimis
577 1503 690 1588 capitis
713 1504 854 1585 secundi,
882 1524 943 1586 quo
971 1505 1148 1569 accuratius
1175 1506 1214 1568 de
1240 1503 1422 1570 Xenocrate

203 1615 234 1668 et
254 1606 417 1689 Antigono
439 1604 615 1690 exponitur,
638 1616 790 1691 quantum
810 1604 880 1669 fieri
900 1605 1011 1692 potuit,
1035 1607 1191 1670 rationem
1213 1606 1319 1670 habui.
1357 1605 1421 1670 Sed

203 1706 242 1770 de
263 1706 395 1770 historia
417 1707 613 1791 quaestionis
635 1705 798 1770 hactenus

286 1807 356 1871 Iam
378 1829 450 1872 cum
471 1808 505 1871 in
526 1817 615 1871 tanta
639 1806 780 1871 urorum
808 1807 973 1872 doctorum
1000 1808 1039 1872 de
1067 1806 1127 1872 hac
1154 1830 1189 1872 re
1217 1808 1421 1888 dissensione,

202 1908 356 1995 quidquid
377 1909 419 1972 ad
433 1908 531 1972 Plinii
551 1908 654 1972 fontes
677 1908 893 1992 explanandos
916 1910 1073 1994 pertinere
1096 1909 1205 1994 possit,
1229 1911 1262 1972 in
1286 1909 1420 1973 medium

201 2012 340 2096 proferre
360 2032 426 2074 non
447 2009 557 2073 inutile
580 2009 727 2074 videatur
749 2031 828 2088 esse,
853 2009 955 2074 denuo
978 2009 1060 2075 banc
1075 2011 1293 2094 quaestionem
1314 2011 1422 2096 aliqua

201 2123 353 2198 exparte
377 2110 505 2197 quidem
528 2111 693 2176 instituere
717 2114 855 2175 animum
878 2111 1000 2175 induxi.

286 2211 349 2278 Sed
372 2213 556 2299 priusquam
578 2211 621 2275 ad
641 2214 744 2297 ipsam
767 2235 834 2276 rem
849 2212 1009 2291 accedam,
1026 2211 1065 2275 de
1081 2212 1308 2297 compositione
1325 2214 1422 2278 libro-

199 2339 269 2379 rum
301 2313 453 2379 XXXIV
480 2322 511 2378 et
536 2313 679 2394 XXXV,
714 2324 869 2398 quatenus
903 2312 1031 2398 quidem
1063 2311 1105 2376 ad
1138 2323 1220 2378 artes
1253 2315 1420 2399 pertinent,

199 2440 301 2503 pauca
322 2416 526 2502 praemittere
546 2415 649 2480 liceat.

282 2519 390 2604 Atque
423 2518 525 2602 primo
559 2517 685 2604 quidem
720 2517 833 2581 obtutu
866 2515 1038 2580 similitudo
1072 2515 1229 2601 quaedam
1256 2517 1338 2582 inter
1365 2539 1419 2582 eos

198 2617 395 2684 intercedere
417 2618 551 2682 videtur.
595 2618 679 2682 Nam
702 2640 774 2682 cum
795 2617 933 2681 Plinium
959 2616 993 2679 in
1019 2617 1099 2681 libro
1122 2616 1267 2681 XXXVI
1292 2639 1420 2702 compo-

198 2720 301 2785 nendo
328 2721 422 2806 longe
449 2720 545 2784 aliam
570 2720 727 2784 rationem
754 2729 895 2782 secutum
922 2740 999 2798 esse,
1027 2719 1185 2782 neminem
1211 2717 1322 2802 fugiat,
1344 2719 1419 2783 libri

123 2898 126 2903 Ι
197 2821 346 2886 XXXIV
368 2831 400 2885 et
420 2821 551 2886 XXXV
578 2820 609 2884 in
639 2842 676 2885 eo
704 2830 779 2884 sunt
806 2820 934 2897 similes,
960 2820 1044 2905 quod
1070 2819 1105 2882 in
1126 2829 1260 2906 utroque
1281 2820 1327 2884 ita
1350 2844 1419 2886 ver-

198 2933 284 2988 satus
310 2934 358 2988 est
386 2921 518 3003 Plinius,
547 2932 582 2986 ut
608 2923 745 3008 primum
773 2921 812 2985 de
838 2920 1014 2985 artificibus
1042 2931 1109 2985 arte
1137 2921 1418 3007 praestantioribus

198 3026 378 3089 accuratius
400 3035 581 3109 exponeret,
604 3024 743 3106 reliquos
767 3020 881 3086 deinde
903 3022 1108 3107 ignobiliores
1130 3021 1287 3086 indicibus
1306 3044 1418 3088 secun-

198 3125 271 3189 dum
304 3125 467 3189 literarum
500 3125 642 3189 ordinem
674 3123 835 3210 dispositis
869 3131 1075 3187 enumeraret.
1142 3119 1208 3186 Sed
1240 3124 1416 3188 accuratius

195 3228 291 3315 paulo
316 3249 385 3292 rem
412 3225 683 3292 considerantibus
710 3225 802 3291 nobis
829 3246 963 3306 magnae
989 3245 1114 3310 quoque
1142 3222 1341 3288 diversitates
1364 3246 1417 3288 oo-

196 3340 331 3394 current.
365 3329 462 3393 Initia
483 3329 568 3392 enirn
589 3328 730 3414 picturae
752 3325 826 3392 vitis
849 3326 1123 3391 celeberrimorum
1147 3325 1302 3411 pictorum
1324 3348 1416 3410 prac-

195 3433 304 3512 texuit,
327 3468 369 3478 -
391 3453 454 3517 qua
476 3429 514 3495 de
536 3451 633 3494 causa
652 3428 770 3493 facturn
793 3437 849 3508 est,
873 3436 907 3490 ut
928 3425 1073 3491 nonnulli
1095 3426 1155 3490 viri
1178 3425 1264 3490 docti
1287 3426 1321 3490 in
1343 3449 1416 3490 eum

196 3556 332 3598 errorem
360 3531 596 3612 inducerentur,
628 3541 664 3595 ut
690 3553 729 3595 ea
755 3530 861 3593 omnia
887 3528 960 3593 inde
988 3550 1008 3590 a
1034 3526 1216 3611 primordiis
1244 3549 1344 3613 usque
1374 3527 1414 3590 ad

195 3656 353 3699 summum
380 3633 522 3720 picturae
544 3632 653 3696 florem
681 3630 766 3718 apud
794 3628 930 3695 eundem
957 3640 1120 3692 auctorem
1145 3628 1292 3713 exposita
1315 3627 1414 3692 fuisse

195 3745 360 3802 censerent
370 3773 422 3816 -,
438 3734 609 3800 statuarius
624 3756 717 3798 nemo
733 3742 806 3797 ante
821 3729 1035 3816 olympiadem
1049 3729 1274 3814 octogesimam
1288 3728 1415 3793 tertiam

194 3845 464 3903 commemoratur.
517 3835 613 3900 Initia
640 3845 745 3899 autem
772 3834 848 3898 artis
877 3831 1048 3897 statuariae
1076 3851 1148 3895 cum
1179 3845 1248 3894 arte
1279 3830 1413 3917 plastica

195 3939 399 4018 commiscuit,
432 3961 507 4002 nam
531 3937 699 4002 Rhoecum
724 3944 755 4000 et
781 3932 991 4013 Theodorum,
1027 3952 1105 4014 quos
1136 3931 1299 3995 scientiam
1330 3931 1413 3995 aeris

262 4179 287 4244 1)
306 4179 407 4243 Quibus
415 4176 531 4229 lontibus
542 4174 643 4227 Plinius
653 4175 679 4226 in
691 4173 821 4226 artificum
831 4171 940 4247 historia
949 4187 1013 4224 usus
1023 4170 1074 4222 sit?
1086 4168 1148 4221 diss.
1162 4167 1322 4236 Wirceburg.
1336 4165 1412 4219 1885.

260 4264 287 4330 2)
306 4263 434 4331 Philolog.
445 4261 679 4329 untersuchungen
690 4278 716 4312 v.
731 4260 891 4312 Krnssnruu
899 4273 926 4309 u.
935 4272 960 4310 u.
971 4256 1183 4310 wnuuownn.
1206 4253 1261 4306 best
1272 4252 1312 4305 10.
1336 4249 1411 4305 1886.

1195 4353 1208 4382 a
